4380 5678
418 447 640 530 anxor
689 462 755 526 ac
804 443 1101 528 Rarnoxoa
1152 445 1345 525 Mania
1524 467 1604 560 323

158 577 255 654 diem
280 575 336 652 vel
365 579 524 674 procedit
548 580 604 652 vel
626 575 796 675 sequitur,
823 573 1010 671 duplicari,
1042 575 1255 672 totidemque
1277 579 1408 651 minuta
1430 579 1540 678 prima
1558 585 1604 656 ad

161 702 301 776 tempus
329 679 483 752 medium
505 691 682 759 notatum,
718 701 790 774 quo
814 674 948 748 Fluxus
976 676 1114 748 evenire
1143 675 1255 764 solet,
1294 679 1350 751 vel
1376 679 1457 751 addi
1484 681 1540 756 vel
1561 687 1606 758 ab

164 805 209 856 eo
236 777 407 862 subtrahi,
439 802 510 875 quo
534 803 657 852 verum
679 777 711 852 F
712 779 813 850 luxua
838 799 1053 849 momentum
1084 777 1287 851 obtineatur.
1341 777 1521 867 Quoniam
1548 781 1613 856 au·

164 904 238 955 tam
260 883 333 953 haec
355 877 520 951 correctio
551 881 671 951 nititur
694 899 792 950 motu
814 875 924 948 Lunae
949 879 1082 958 medio.
1122 877 1338 975 perspicuum
1362 877 1410 952 est
1436 905 1511 952 earn
1537 907 1612 956 eor·

165 979 320 1055 rectione
347 979 500 1053 ulteriori
523 1003 608 1076 opus
633 977 801 1074 haberefa
822 1001 907 1050 vero
928 977 1036 1048 Lunae
1055 1001 1154 1050 motu
1178 981 1310 1076 petitd,
1337 1005 1415 1076 quae
1435 984 1521 1055 vetd
1541 985 1614 1080 ple·

166 1101 314 1178 rumque
340 1082 405 1153 erit
428 1076 634 1165 insensibilis,
661 1077 739 1150 cum
764 1077 894 1150 sununa
914 1099 1010 1172 aquae
1033 1078 1180 1151 elevatio
1204 1103 1275 1152 non
1295 1079 1406 1158 subitd
1433 1078 1527 1168 adstt,
1552 1083 1610 1160 sed

57 1233 60 1240 ·
166 1208 230 1282 per
255 1205 390 1277 tempus
413 1177 490 1252 satis
514 1181 660 1253 notabile
682 1179 791 1250 duret.

222 1285 255 1376 §a
285 1285 345 1358 61.
397 1276 475 1352 Nifi
504 1303 616 1353 autem
641 1278 819 1352 luminaria
850 1277 1006 1374 proxima
1029 1270 1094 1346 smt
1125 1276 1180 1348 vel
1205 1279 1439 1372 conjunctioni
1464 1285 1521 1360 vel
1546 1310 1612 1384 op«,

168 1379 353 1482 positioni,
379 1383 527 1453 maxima
547 1378 653 1460 Maris
675 1379 821 1452 elevatio
847 1379 973 1450 nonin
994 1375 1104 1473 ipsum
1128 1377 1238 1450 Lunae
1263 1379 1438 1456 tranfitum
1458 1410 1519 1482 per
1540 1375 1613 1462 me-¹

167 1484 341 1558 ridianum
356 1483 491 1554 incidet.
520 1537 525 1556 .
545 1479 722 1568 Quoniam
742 1479 835 1550 enirn
855 1477 956 1552 Luna
974 1481 1058 1550 dum
1077 1501 1183 1574 prope
1202 1481 1430 1556 meridianum
1447 1486 1616 1576 versatur,
1685 1515 1686 1520 ¹

167 1609 232 1683 per
264 1584 404 1680 aliquod
444 1603 579 1678 tempus
620 1581 763 1654 eandem
796 1577 1011 1653 altitudinem
1047 1576 1253 1670 conservat,
1308 1582 1469 1682 tantisper
1508 1590 1616 1676 etlam

166 1683 271 1759 Mare
308 1685 451 1758 eandem
484 1682 710 1756 elevationem
741 1680 926 1768 retinebit3
960 1683 1000 1753 ὅτ
1033 1681 1120 1752 hanc
1150 1681 1195 1752 ob
1229 1705 1302 1756 rem
1331 1679 1357 1754 st
1393 1685 1455 1760 Sol
1485 1689 1613 1764 interea

163 1781 367 1862 sensibiliter
391 1785 448 1858 vel
474 1785 517 1856 ab
540 1783 721 1854 horizonte
747 1781 906 1872 recedat,
943 1781 999 1854 vel
1022 1781 1065 1851 ad
1098 1783 1247 1858 eundern
1272 1786 1439 1874 accedat,
1464 1790 1528 1862 vie
1548 1789 1613 1864 so·
1644 1859 1648 1866 .

168 1887 210 1960 lia
237 1889 281 1960 ad
311 1883 411 1958 Mare
444 1883 648 1958 elevandum
671 1882 727 1954 vel
740 1953 741 1958 ,
754 1879 875 1954 crescet
903 1877 1122 1970 sensibiliter,
1157 1883 1214 1957 vel
1247 1885 1413 1960 decrescet
1425 1907 1439 1974 3
1465 1915 1508 1962 ex
1541 1913 1614 1986 quo

168 1989 255 2060 dum
289 1985 390 2060 Luna
424 2007 532 2083 prope
569 1985 795 2056 meridianum
831 1979 965 2064 existit,
1007 1978 1081 2056 fieri
1111 1981 1251 2080 potest,
1295 2007 1335 2061 ut
1371 2010 1483 2063 tamen
1518 2013 1614 2066 mare

169 2091 358 2162 etiamnum
389 2087 567 2172 elevetur,
605 2086 662 2157 vel
693 2081 779 2175 adeo
809 2083 877 2178 jam
902 2083 1154 2180 deprimatur&
1188 2085 1278 2159 Sole.
1333 2087 1391 2161 Ex
1417 2090 1471 2161 his
1504 2092 1609 2166 iitur

165 2185 385 2288 perspicuum
420 2185 467 2260 est
492 2185 658 2258 summam
696 2181 803 2256 Maris
833 2184 1047 2257 altitudinem
1083 2185 1210 2258 tardilrs
1243 2185 1301 2262 seu
1329 2185 1404 2286 post
1435 2211 1467 2262 tr
1503 2213 1611 2286 latum

166 2289 284 2386 Lunae
318 2311 379 2385 per
418 2288 644 2361 meridianum
674 2285 824 2358 accidere
857 2285 980 2357 debere
992 2335 1007 2373 ,
1044 2281 1068 2356 fi
1104 2310 1147 2358 eo
1173 2308 1328 2383 tempore
1357 2287 1418 2361 Sol
1444 2291 1487 2364 ab
1516 2293 1610 2364 hori-

167 2413 275 2462 zonte
313 2391 473 2477 accedat,
526 2389 564 2460 id
609 2387 705 2483 quod
737 2385 858 2458 evenit
892 2386 1011 2460 diebus
1046 2387 1264 2460 novilunium
1294 2391 1336 2462 dc
1381 2390 1612 2486 plenilunium

167 2491 450 2590 praecedentibus.
521 2486 654 2560 Contrd
675 2508 798 2575 ,autem
831 2480 856 2555 st
888 2485 990 2559 Luna
1029 2483 1103 2584 post
1142 2487 1259 2560 Solem
1291 2513 1353 2586 per
1383 2493 1609 2567 meridianum

163 2589 338 2678 transeat,
377 2590 484 2684 idque
512 2583 569 2662 vel
607 2611 684 2661 ante
717 2587 804 2660 Solis
832 2607 947 2659 ortum
975 2587 1031 2661 vel
1062 2608 1139 2661 ante
1171 2586 1355 2688 occasum3
1390 2612 1489 2681 turn,
1527 2595 1610 2690 quia

96 2777 101 2786 ,
165 2691 271 2770 Mare
308 2693 345 2764 in
375 2686 514 2762 transrtu
552 2689 661 2762 Lunae
691 2711 753 2784 per
779 2689 1006 2760 meridianum
1030 2687 1053 2764 ὲ
1079 2690 1117 2761 vi
1149 2685 1238 2762 Solia
1273 2691 1504 2788 deprimitur,
1539 2703 1612 2766 rna'-

158 2797 298 2870 uu'nram
315 2791 433 2864 habuit
452 2791 668 2864 altitudinem
689 2811 765 2862 ante
784 2786 960 2888 appulsum
977 2788 1087 2864 Lunae
1111 2791 1155 2862 ad
1177 2792 1430 2882 meridianum,
1455 2795 1493 2865 id
1515 2795 1615 2888 quod

165 2895 342 2990 contingit
376 2893 496 2966 diebus
523 2891 741 2966 novilunium
777 2872 1050 2986 plenilunitdnve
1081 2890 1308 2990 sequentihus.
1367 2889 1522 2981 Quando
1552 2915 1611 2968 au·

165 3019 244 3074 tem
275 2995 336 3069 Sol
368 2993 480 3091 ipsum
507 2995 725 3067 horizontem
755 3015 929 3090 occupat,
963 2996 1047 3067 dum
1076 2993 1177 3066 Luna
1206 2994 1244 3065 in
1276 2993 1464 3068 meridiano
1499 2993 1611 3069 versa-

164 3123 251 3182 tur,
277 3119 352 3168 tum
374 3090 501 3169 etiamst
532 3092 686 3168 dillantia
708 3094 798 3168 Solis
818 3095 861 3165 ab
881 3095 1060 3173 horizonte
1078 3118 1242 3194 perquam
1265 3091 1305 3166 stt
1332 3089 1528 3184 mutabilis,
1562 3118 1612 3170 ta·

166 3223 255 3274 men
297 3196 376 3274 cdrn
413 3197 613 3270 elevationis
640 3197 693 3270 vis
726 3193 891 3292 quadrato
919 3191 1009 3270 sinito
1050 3196 1237 3270 altitudinis
1268 3194 1357 3270 Solis
1390 3191 1432 3269 srt
1468 3219 1614 3293 propor·
1644 3199 1671 3224 ‘³

165 3301 335 3389 donalia,
361 3301 457 3394 quod
482 3295 624 3370 omnino
656 3295 856 3385 evanescit,
882 3299 1075 3384 etiam'hoc
1101 3295 1176 3370 casu
1194 3296 1354 3394 maxima
1377 3321 1474 3393 aquae
1501 3297 1613 3381 eleva·¹

164 3406 225 3478 tio
259 3403 298 3474 in
328 3399 439 3498 ipsum
470 3399 579 3476 Luna
615 3421 677 3496 per
705 3397 931 3474 meridianum
962 3397 1138 3486 transuum
1161 3397 1315 3496 incidet,
1359 3398 1484 3499 hicque
1517 3395 1613 3488 casua

162 3505 258 3584 circa
284 3500 502 3600 quadrattuer
529 3500 749 3589 luminarium
769 3500 886 3587 locum
906 3503 1019 3600 habet,
