4354 5678
407 455 641 578 Fani-„trs
672 457 737 540 lc
777 459 1075 578 Rastvnps
1114 459 1309 541 Manis:
1495 465 1577 563 357·

135 594 279 672 videtur
299 597 375 672 illos
391 605 518 676 tarditls
543 605 659 675 venite
681 581 787 699 quim
806 605 880 675 hos.
935 585 1055 676 Altera
1075 602 1159 674 verti
1180 603 1274 678 causa
1293 571 1370 698 quas
1391 599 1457 672 hoc
1476 597 1573 671 Phae*
1597 660 1602 668 .

140 719 315 771 nomenon
349 705 459 774 mulcti
491 700 681 774 dillindlilts
708 704 885 800 explicat,
921 705 1074 798 nullique
1102 705 1208 775 dubio
1242 705 1355 775 locum
1383 702 1568 794 relinquit’

138 797 260 872 nostrae
280 804 419 874 theoriae
446 805 587 874 omnino
609 801 654 875 est
680 807 832 901 propria,
860 806 1031 900 priorique
1050 803 1153 900 longe
1178 801 1225 877 est
1247 802 1460 898 praeferenda.
1502 799 1568 873 Po-

137 921 258 971 namus
284 904 376 973 enim
397 899 493 976 celse
518 927 675 998 tempus,
708 927 778 1000 quo
798 907 836 974 in
855 905 1040 975 noviluniis
1068 929 1106 976 ac
1127 903 1317 1002 pleniluniis
1344 903 1475 974 Fluxus
1494 897 1572 996 post

106 1068 108 1078 ,
136 999 315 1096 appulsum
346 1003 460 1074 Lunae·
479 1005 523 1074 ad
547 1006 771 1086 meridianum
796 1006 914 1078 venire
940 1004 1043 1091 solet3
1076 1004 1287 1098 sequentibus
1314 1006 1419 1100 igitur
1445 1003 1564 1074 diebus

135 1102 205 1172 hoc
231 1125 397 1198 tempust
424 1105 587 1198 coruinud
618 1105 845 1184 diminuetur,
871 1105 951 1198 quia
971 1127 1046 1174 tum
1070 1104 1154 1190 Sol,
1179 1107 1263 1176 dum
1285 1103 1385 1176 Luna
1402 1105 1438 1174 in
1463 1104 1565 1173 meri-

136 1201 240 1272 diano
262 1202 436 1291 versatur,
463 1202 561 1276 Mare
582 1205 647 1295 jam
671 1207 851 1300 deprimit;
888 1225 963 1298 quae
988 1205 1171 1275 diminutio
1193 1199 1272 1276 clim
1294 1206 1392 1276 dutet
1414 1201 1563 1283 sudus-

136 1324 205 1394 que
228 1304 271 1374 ad
296 1305 538 1397 quadraturas,
567 1301 693 1376 necesse
715 1301 762 1376 est
792 1327 830 1375 ur
862 1300 916 1378 his
941 1305 1147 1398 temporibus
1166 1304 1297 1377 Fluxus
1326 1304 1435 1376 multtl
1461 1302 1561 1392 citibs

136 1399 214 1495 post·
230 1402 503 1476 culminationem
522 1403 631 1476 Lunae
651 1397 854 1498 sequantur,
879 1402 1073 1498 vitibusque
1098 1402 1348 1476 sollicitantibus
1368 1405 1477 1498 magis
1496 1395 1572 1473 ob-¹

88 1546 98 1551 =-
134 1507 344 1596 temperent,
371 1505 425 1575 utl
448 1507 514 1574 hoc
532 1499 637 1575 sustlts
662 1507 692 1596 §.
715 1530 778 1602 91.
793 1505 1057 1600 explicavimus,
1093 1505 1185 1576 unde
1206 1527 1338 1598 tempus
1363 1505 1560 1586 retardatio*

132 1602 187 1671 nis
214 1605 249 1672 in
267 1605 476 1698 quadraturis
501 1626 632 1677 tantum
658 1608 722 1676 etit
750 1627 848 1690 t-a.
900 1601 978 1675 Post
1000 1605 1217 1698 quadraturas
1236 1627 1349 1676 autem
1366 1604 1426 1677 Sol
1451 1604 1561 1675 exerit

133 1706 342 1774 contrarium
361 1700 545 1790 effeslum,
579 1727 681 1799 atque
705 1705 889 1778 adventum
914 1703 945 1774 F
947 1703 1046 1776 luxus
1070 1706 1232 1775 continud
1255 1704 1361 1798 magis
1387 1706 1559 1790 retardat,

134 1803 243 1896 idque
269 1804 387 1900 aequali
407 1806 540 1890 modo,
579 1827 649 1898 quo
672 1803 748 1877 antis
771 1805 1037 1891 acceleraverat,
1061 1828 1103 1876 ex
1122 1829 1191 1900 quo
1216 1802 1320 1898 usque
1345 1807 1389 1874 ad
1417 1803 1561 1898 sequen-

132 1905 206 1974 tem
230 1902 409 2002 syzygiam
433 1904 645 1978 intervallum
665 1917 750 1978 μθ
767 1907 891 1978 iterum
910 1908 953 1978 ad
973 1929 986 1976 r
1008 1898 1112 2000 usque
1138 1907 1324 2000 augebitur.
1376 1901 1561 1998 Hujusque

132 2001 354 2076 Phaenomeni
384 2003 485 2076 solius
508 2006 687 2100 explicatio
719 2004 865 2078 sufficere
885 2001 990 2100 pollet
1011 2008 1053 2100 ad
1079 2007 1254 2076 veritatem
1280 2006 1419 2076 theoriae
1443 2000 1561 2074 nolite

129 2105 377 2190 evincendam,
403 2105 481 2175 cltm
507 2107 544 2176 id
567 2103 725 2178 omnibus
747 2106 818 2176 aliis
840 2107 980 2177 theoriis
1002 2104 1168 2203 explicatu
1188 2101 1227 2174 stt
1245 2102 1476 2201 insuperabiles
1501 2127 1561 2176 ne«

64 2289 68 2300 Ι
131 2223 202 2299 que
223 2205 244 2276 ὲ
262 2208 398 2278 nemine
408 2207 524 2276 ¹adhuc
548 2203 661 2278 saltem
678 2205 857 2302 probabilis
880 2207 951 2300 ejus
970 2205 1063 2278 causa
1076 2201 1116 2276 stt
1137 2199 1301 2300 assignata.

141 2304 145 2310 ’
184 2305 215 2395 §-
246 2329 331 2400 ¹07·
385 2304 562 2386 octavum
575 2305 827 2378 Phaenomenon
841 2327 991 2402 petamus
1012 2330 1055 2388 ex
1069 2305 1291 2399 inaequalitate
1310 2305 1455 2376 duorum
1470 2305 1501 2380 F
1503 2304 1561 2378 lu·

125 2425 237 2474 atuum
264 2404 328 2502 sese
356 2406 548 2478 immediate
571 2403 844 2502 insequentium,
882 2429 1030 2500 quorum
1052 2404 1134 2478 alter
1158 2400 1308 2476 transitui
1330 2403 1437 2476 Lunae
1459 2403 1556 2502 supe-

125 2507 212 2576 riori
235 2529 294 2601 pet
316 2508 538 2578 meridianum
560 2503 760 2602 respondet,
784 2506 867 2581 alter
888 2505 1057 2588 inferiori,
1084 2529 1159 2612 quae
1178 2505 1384 2600 inaequalitas
1406 2503 1577 2577 maxime·

124 2603 323 2676 observatur
346 2609 383 2676 in
401 2609 594 2702 regionibus
615 2609 656 2678 ab
673 2631 842 2702 aequatore
861 2599 1005 2678 multum
1026 2608 1176 2688 remotis,
1201 2631 1238 2678 ac
1256 2629 1330 2677 tum
1353 2629 1430 2678 cum
1445 2599 1575 2678 Lunae'

123 2705 309 2777 declinatio
331 2703 378 2779 est
398 2709 553 2779 maxima.
607 2699 758 2779 Theoria
777 2709 917 2801 quidem
932 2709 1076 2779 declarat
1095 2706 1250 2794 Lunam,
1275 2702 1403 2779 etiamst
1422 2708 1458 2776 in
1483 2704 1556 2801 ipso

124 2828 298 2900 aequatore
321 2805 486 2888 versetur,
512 2831 624 2879 tamen
643 2807 760 2900 majori
776 2808 813 2876 vi
833 2808 981 2901 gaudere
1004 2809 1047 2877 ad
1072 2805 1169 2878 Mare
1193 2810 1422 2892 movendum,
1449 2829 1557 2900 quan·

122 2905 175 2976 do
205 2904 300 3001 super
326 2908 506 2978 horizonte
539 2907 763 2979 meridianum
793 2908 929 3003 attingit
942 2956 954 2993 ,
993 2906 1097 3001 quim
1129 2905 1215 2977 insta
1245 2910 1486 2992 horizontem3
1521 2925 1556 2975 at

123 3002 307 3079 discrimen
338 3007 396 3078 sub
431 3030 598 3102 aequatore
637 3029 706 3078 tam
739 3001 785 3080 est
822 3009 1013 3103 exiguum,
1058 3027 1097 3076 ut
1125 3008 1185 3078 vix
1219 3007 1256 3080 in
1294 3005 1402 3078 sensus
1438 3027 1556 3075 occur·

122 3125 203 3178 rere
225 3129 345 3200 queat,
371 3109 544 3202 integrum
565 3107 657 3178 enim
678 3108 826 3199 digitum
850 3132 920 3177 noo
939 3108 1075 3202 attingit
1096 3107 1154 3198 (ς.
1175 3109 1292 3204 41.);
1322 3130 1423 3201 atque
1442 3106 1478 3175 in
1500 3127 1556 3176 te·

122 3207 288 3302 gionibus
313 3211 354 3278 ab
377 3228 545 3299 aequatore
569 3207 706 3276 remotis
730 3201 775 3276 lit
790 3205 900 3277 multi>
919 3209 1041 3276 minus.
1109 3204 1200 3278 Vera
1216 3209 1319 3300 igitur
1332 3207 1436 3296 hujus
1461 3203 1574 3276 Phae.

120 3309 267 3378 nometii
299 3295 384 3379 satio
412 3307 448 3376 in
480 3305 656 3376 altitudine
691 3304 800 3376 Lunae
832 3305 1018 3376 meridiana
1043 3303 1099 3376 seu
1122 3289 1275 3376 distantis
1301 3309 1342 3376 ab
1375 3307 1554 3375 horizonte

117 3408 342 3493 continetur3
380 3406 460 3476 hinc
479 3405 571 3476 enim
594 3403 743 3500 sequitur
768 3407 839 3500 qud
863 3405 969 3498 major
989 3403 1091 3476 fuerit
1113 3401 1301 3476 differentia
1324 3407 1409 3478 inter
1433 3401 1556 3476 distan-

117 3509 190 3580 tias
213 3505 322 3577 Lunae
345 3509 385 3578 ab
407 3506 598 3592 horizonte,
623 3507 706 3578 dum
727 3529 787 3604 per
805 3507 1029 3580 meridianum
1046 3500 1163 3600 transit
1184 3526 1256 3574 tum
1277 3505 1373 3602 super
1389 3505 1554 3580 horizon·

117 3632 159 3680 te
186 3629 259 3678 tum
279 3603 339 3675 sub
360 3605 565 3694 horizonte,
601 3606 643 3678 eti
666 3607 829 3700 majorem
850 3601 915 3679 effe
943 3607 1066 3676 debere
1094 3599 1319 3676 differentiam
1341 3608 1433 3675 ‚inter
1454 3605 1554 3674 binos
1633 3688 1640 3702 x

114 3707 152 3780 F
156 3709 260 3778 luxus
279 3699 491 3787 successivos,
527 3731 579 3784 ex¹
592 3729 662 3801 quo
684 3705 896 3802 perspicuum
921 3701 967 3777 est
987 3701 1082 3775 istam
1107 3701 1330 3776 differentiam
1356 3704 1472 3784 verslts
1492 3727 1560 3798 po-·

116 3807 179 3879 los
198 3803 360 3878 continud
373 3803 515 3878 crescere
536 3808 667 3888 debere,
693 3803 716 3876 st
732 3809 873 3901 quidem
889 3805 995 3876 'Luna
1013 3805 1132 3877 habeat
1147 3805 1415 3878 declinationem.
1443 3801 1554 3890 Quod

117 3903 148 3979 st
177 3929 259 4000 ergo
282 3907 384 3978 Luna
412 3907 566 3977 babuerit
590 3907 848 3999 detlinationem
868 3906 1062 3986 borealem,
1102 3926 1175 3977 tum
1199 3907 1234 3976 in
1261 3905 1455 4002 regionibus
1483 3903 1555 3997 sep·

116 4007 384 4081 tentrionalibus
408 4004 538 4077 Fluxus
558 4007 621 4076 etit
644 4007 749 4098 major
773 4009 833 4100 qui
855 4002 1028 4078 transtrum
1049 4005 1158 4077 Lunae
1178 4031 1236 4102 per
1260 4007 1490 4080 meridianum,
1504 4002 1556 4074 su·

114 4108 298 4208 perierem
319 4106 488 4203 sequitur,
525 4105 607 4177 alter
628 4105 711 4177 vero
733 4105 892 4200 sequens,
925 4107 986 4199 qui
1010 4101 1159 4178 transitui
1179 4107 1329 4178 inferiori
1353 4103 1556 4200 respondet:

114 4209 253 4282 minor.
307 4204 438 4278 Contra
459 4201 619 4279 autemst
650 4204 758 4278 Lunae
777 4207 956 4278 declinatio
982 4203 1083 4276 suerit
1108 4201 1279 4290 australis,
1304 4203 1462 4300 appulsui·
1481 4201 1554 4274 Lu*

114 4335 183 4382 nae
208 4311 251 4380 ad
277 4307 500 4388 meridianum
520 4304 681 4400 superiori
699 4305 830 4378 Fluxus
854 4305 1005 4378 succedet
1026 4307 1161 4386 minor,
1180 4305 1347 4377 ,inferiori
1372 4301 1456 4373 vero
1480 4323 1554 4373 ma-

112 4411 203 4506 jor3
227 4411 378 4502 hancque
406 4403 631 4479 differentiam
651 4403 872 4478 Flamstedius
901 4403 1091 4475 observavit
1117 4403 1318 4496 diligenter,
1355 4402 1554 4496 nullumque

113 4505 180 4582 est
199 4507 364 4591 dubium,
390 4508 473 4600 quin
495 4531 533 4578 ea
576 4528 613 4578 er
632 4501 863 4603 copiosissimas
886 4503 1142 4586 observationes,
1168 4525 1249 4599 quas
1274 4501 1462 4575 Academia
1479 4499 1554 4572 Ce-

112 4606 307 4683 leberrima
326 4601 438 4700 Regia
466 4532 610 4677 Parisna
632 4607 790 4702 collegit,
827 4607 967 4676 omnino
990 4599 1216 4684 confirmetur.
1277 4601 1320 4677 In
1353 4605 1418 4680 hoc
1442 4627 1555 4678 autem

110 4705 275 4803 negotio
307 4706 435 4778 indoles
464 4705 639 4782 Fluxuum
670 4708 776 4808 probs
797 4705 844 4782 est
872 4704 1103 4804 inspicienda,
1137 4707 1299 4802 quoniam
1321 4703 1502 4801 aliquibus·
1519 4706 1559 4772 in

206 4805 303 4897 [oms
328 4807 349 4878 1
360 4808 383 4895 J
392 4810 419 4898 L
974 4803 1008 4884 Z
1035 4825 1057 4898 ²,
1479 4823 1560 4901 pot·¹
