4380 5678
941 381 961 418 0

261 441 561 528 ‘iturus
611 459 664 520 to
714 438 1099 527 Rurnuxut
1148 442 1391 526 Matre:
1483 459 1569 560 285.

119 586 196 655 'hoc
221 580 362 678 quidem
390 576 465 650 casu
489 576 577 648 ullus
599 597 714 650 motus
739 578 931 673 reciprocus
954 579 990 649 in
1013 575 1104 652 Mari
1126 583 1267 676 produci
1290 586 1415 681 poterit
1428 605 1443 674 3
1466 590 1563 683 quod

127 684 290 780 rumpet
314 680 346 754 se
381 676 428 752 est
455 675 689 776 perspicuum,
728 678 804 750 tbrn
830 682 932 751 etiam
956 683 997 752 ab
1018 680 1090 776 ipso
1117 681 1255 756 vGalileo
1286 708 1356 755 non
1377 682 1559 759 statuitur:
1667 763 1672 775 ‚

128 784 198 879 ipse
220 785 313 855 enirn
336 803 406 851 non
428 779 499 852 fam
516 801 558 849 ex
580 780 745 854 mixtione
767 777 1081 876 motus,vertiginis
1100 785 1139 854 bc
1164 786 1326 880 periodici
1344 783 1458 858 aelium
1478 787 1560 858 Ma*
1580 811 1591 840 ¹

130 886 176 956 ris
202 879 368 980 proficisci
398 878 444 952 est
464 882 665 966 arbitratus,
691 881 795 975 quim
820 905 869 952 ex
884 904 992 954 motu
1020 906 1227 979 quocunque
1254 884 1459 982 progteffivo
1487 885 1557 962 five

129 983 306 1058 rectilineo
326 977 627 1066 srvecuttrilineo,
652 977 724 1053 fiis
746 1007 825 1054 cum
848 1005 945 1054 motu
960 984 1127 1056 ⁴rotatorio
1150 988 1369 1058 combinetur.

181 1087 213 1181 ς.
239 1095 284 1186 q:
322 1081 541 1177 -Quanquitm
571 1099 684 1155 autem
708 1107 828 1155 morus
851 1083 969 1156 Terrae
999 1087 1189 1182 periodicus
1217 1089 1303 1158 circa
1330 1089 1445 1161 Solem
1477 1115 1555 1165 cum

128 1211 226 1260 motu
247 1187 410 1260 rotatorio
427 1187 513 1256 circa
529 1207 628 1256 axem
651 1184 851 1277 corijundlus
871 1185 1003 1256 nullum
1017 1186 1059 1256 ‚in
1084 1182 1176 1256 Mari
1193 1210 1330 1260 motum
1344 1193 1554 1285 reciprocum

128 1312 289 1381 generare
309 1285 423 1371 valet,
450 1308 563 1358 tamen
582 1281 701 1368 Mare,
727 1287 823 1380 quod
846 1279 869 1352 st
895 1308 1007 1354 motus
1030 1278 1109 1356 eilrat
1130 1289 1301 1380 aequabilis
1322 1291 1359 1359 in
1386 1291 1554 1364 diredlum

128 1390 165 1458 in
186 1392 299 1484 quiete
317 1383 518 1486 persisteret,
543 1383 751 1478 aliquantum
772 1387 898 1456 turbari
921 1384 1065 1457 debebit
1118 1384 1232 1473 Quod
1255 1384 1461 1464 stauretnad
1484 1395 1557 1466 vim

91 1537 109 1560 .
128 1489 198 1584 qui
220 1487 328 1562 OEerra
353 1491 390 1560 in
414 1487 524 1558 orbita
544 1486 602 1558 suit
625 1487 815 1558 continetur
834 1489 1061 1566 attendamus,
1097 1511 1167 1558 non
1188 1487 1370 1563 difficulter
1392 1495 1558 1566 mutatio·-
1668 1545 1670 1557 .

129 1613 226 1674 nem,
253 1613 355 1685 quam
380 1587 477 1661 Mare
495 1591 537 1660 ab
556 1613 596 1659 ea
618 1589 783 1684 patietur,
809 1589 967 1682 colligere
987 1587 1183 1684 poterimus.
1237 1585 1329 1662 Nam
1346 1589 1425 1663 clun
1443 1602 1554 1690 partes

128 1688 245 1767 Terrae
267 1691 288 1764 it
311 1691 389 1764 Sole
411 1692 607 1762 remotiores
628 1691 753 1760 minori
776 1691 835 1772 vi,
867 1691 1040 1786 propiores
1060 1689 1143 1784 verb
1166 1690 1287 1788 majori
1310 1689 1553 1783 sollicitentur,

130 1791 196 1862 illae
220 1793 263 1864 ad
283 1793 388 1886 majus
419 1813 551 1886 tempus
575 1791 807 1888 periodicum,
848 1792 900 1862 hae
927 1789 1010 1862 verb
1029 1790 1072 1862 ad
1098 1791 1210 1863 minus
1232 1790 1473 1866 absolvendum
1494 1821 1555 1866 co-

127 1915 279 1985 gentur,
318 1917 361 1964 ex
394 1915 465 1988 quo
488 1894 636 1987 partibus
660 1891 777 1964 Terrae
801 1887 933 1973 fluidis,
972 1911 1012 1961 ut
1040 1891 1122 1987 pose
1143 1893 1350 1981 mobilibus,
1375 1917 1485 1968 motus
1511 1899 1553 1968 ab

125 1993 276 2066 Oriente
296 1993 413 2066 verslts
437 1993 663 2067 Occidentem
682 1991 865 2084 secundlup
889 1992 1095 2088 ecclipticam
1121 1993 1299 2066 inducetur
1320 1997 1475 2090 hancque
1492 2023 1554 2069 ve-

128 2090 284 2168 ramesse
304 2093 434 2166 causam
457 2091 611 2166 existimo
631 2120 669 2166 ac
691 2095 892 2191 praecipuam
918 2115 977 2165 cur
1000 2090 1071 2164 tim
1097 2093 1257 2166 Oceanus
1279 2093 1384 2189 quim
1409 2119 1464 2169 aer
1493 2095 1552 2171 sub

127 2191 322 2290 AEquatore
354 2195 521 2293 perpetu&
546 2196 665 2269 habeat
700 2193 731 2266 F
732 2195 851 2267 luxum
882 2194 924 2264 ab
950 2217 1028 2266 ortu
1054 2193 1172 2266 versus
1206 2195 1368 2268 occasum.
1421 2192 1553 2270 Polsern

126 2297 231 2368 etiam
254 2321 297 2370 ex
323 2299 444 2370 eodem
466 2298 634 2392 principio
658 2293 743 2366 clare
768 2291 940 2368 ostendere
961 2295 1032 2389 rim
1052 2292 1175 2376 Maris,
1200 2291 1387 2366 stomnind
1405 2295 1554 2372 liberum
1642 2299 1658 2318 ⁰

126 2391 227 2485 esset,
252 2397 357 2492 quim
372 2401 456 2470 aeris
477 2397 678 2469 celeritatem
700 2417 826 2468 tantam
851 2394 942 2476 fore,
976 2393 1044 2491 qud
1069 2417 1221 2492 tempore
1245 2397 1553 2492 viginti-quatuor

125 2496 286 2573 horarum
317 2499 459 2594 spatium
482 2499 614 2570 circiter
641 2481 766 2592 viginti
790 2496 957 2594 graduum
983 2494 1172 2568 absolvatur
1178 2521 1191 2584 3
1217 2494 1282 2584 led,
1301 2497 1379 2569 clun
1400 2500 1472 2570 haec
1497 2501 1554 2571 in-

126 2593 264 2690 quisttio
288 2602 332 2671 ad
359 2599 554 2694 praesentem
577 2596 794 2697 quaestionem
820 2595 955 2694 proprie
985 2623 1055 2668 non
1080 2599 1266 2690 pertineat,
1299 2621 1401 2694 atque
1424 2599 1554 2697 inclyta

126 2695 315 2772 Academia
337 2699 474 2772 fortasse
497 2701 563 2772 alia
588 2696 758 2771 occasrone
780 2692 976 2793 quaestiones
999 2697 1068 2768 hirc
1089 2695 1274 2792 speslantes
1301 2693 1340 2770 lit
1364 2697 1553 2798 propositu-
1614 2707 1616 2714 ‘

124 2821 161 2869 ta
173 2850 186 2886 ,
213 2801 402 2872 uberiorem
432 2799 691 2898 explicationem
722 2798 821 2890 hujus
848 2791 985 2890 insignis
1017 2796 1235 2869 Phaenomeni
1258 2799 1301 2869 eb
1324 2798 1430 2894 usque
1454 2797 1553 2873 diffe-

126 2903 267 2973 rendam
289 2897 353 2974 else
378 2899 574 2988 censemus3
610 2903 677 2972 hoc
700 2900 840 2992 quidem
867 2919 1019 2994 tempore
1043 2899 1174 2970 tantum
1199 2893 1356 2973 indicasse
1379 2903 1550 2988 contenti,
1586 2975 1590 2981 ,
1618 2979 1620 2984 ,

123 3023 259 3075 motum
275 3001 392 3076 Terrae
413 3005 623 3098 periodicum
642 2998 850 3093 conjunctim
871 3019 948 3070 cum
966 3019 1062 3071 motu
1080 2999 1204 3070 diurno
1228 2995 1318 3070 Mari
1340 3025 1472 3076 motum
1490 3003 1552 3072 ali-

125 3125 230 3194 quem
258 3104 453 3200 imprimere
477 3098 592 3205 polse,
617 3100 675 3176 sed
692 3101 890 3200 neutiquam
909 3121 1041 3174 motum
1060 3101 1291 3197 reciprocum,
1318 3102 1370 3175 uti
1395 3102 1551 3176 Galileus
1627 3107 1631 3119 '

120 3199 169 3273 eli
193 3205 379 3278 arbitratus.
934 3224 938 3232 ·
1380 3227 1381 3232 ’

165 3305 206 3398 ᾗ.
239 3335 268 3402 5.
320 3305 385 3378 Uti
412 3308 447 3376 in
481 3309 637 3380 omnibus
665 3305 808 3390 omnind
834 3299 1073 3402 quaestionibus
1099 3301 1246 3404 physicis
1280 3303 1391 3377 multd
1421 3303 1548 3380 facilius
1583 3345 1586 3357 ·

120 3401 195 3492 est,
222 3431 297 3502 quat
322 3433 392 3479 non
411 3403 449 3479 stt
473 3409 567 3481 causa
586 3407 802 3480 Phaenomeni
824 3406 1008 3501 cujuspiam
1036 3406 1162 3492 oblati,
1189 3405 1294 3500 quim
1318 3429 1394 3500 quae
1417 3401 1473 3488 stt,
1494 3405 1550 3478 os·

121 3512 288 3596 teodere3
314 3513 359 3580 ita
383 3508 483 3580 etiarn
509 3507 650 3604 praesens
669 3505 807 3604 quaestio
828 3511 872 3580 de
892 3506 1008 3600 Fluxu
1030 3531 1067 3578 ac
1088 3501 1240 3578 Relluxu
1260 3503 1368 3578 Maris
1390 3503 1436 3578 est
1457 3531 1549 3580 com·
1661 3581 1664 3588 ,

121 3633 253 3706 parata,
278 3633 317 3682 ut
343 3635 413 3680 non
437 3610 618 3682 difficulter
642 3609 752 3682 causas
778 3607 865 3681 falso
890 3603 1063 3704 allignatas
1093 3601 1250 3702 pollimus
1276 3605 1438 3678 refellere.
1491 3605 1550 3681 Ac

119 3713 235 3808 primo
267 3713 407 3808 quidem
436 3707 510 3806 post
531 3710 678 3785 eversam
708 3705 832 3784 Galilei
859 3709 1077 3791 sententiam,
1111 3707 1293 3804 explicatio
1324 3703 1418 3778 aelllts
1441 3706 1547 3782 Maris

122 3809 317 3886 Cartefiana
343 3805 495 3907 pressioni
524 3809 631 3885 Lunae
656 3813 773 3882 innixa
797 3833 848 3883 tot
867 3800 1035 3904 tantisque
1057 3809 1184 3882 laborat
1209 3807 1460 3882 difficultatibus
1474 3865 1484 3892 ,
1498 3831 1549 3888 xut

118 3915 267 3986 omnind
296 3909 464 3985 substslere
499 3935 654 4007 nequeat.
705 3911 934 4007 Praeterquam
970 3913 1062 3984 enirn
1091 3909 1187 4006 qubd
1216 3906 1403 3980 istiusmodi
1429 3905 1548 4005 presso

115 4013 259 4087 aliunde
276 4013 410 4112 probari
430 4035 602 4108 nequeat,
627 4034 729 4106 arque
747 4015 790 4085 ad
813 4015 880 4083 hoc
902 4009 1012 4085 solum
1036 4009 1288 4082 Phaenomenon
1310 4012 1548 4106 explicandum

113 4115 273 4212 -gratuirti
292 4113 494 4202 assumatur,
520 4111 808 4187 observationibus
839 4113 940 4185 etiam
964 4111 1105 4184 minimi
1131 4111 1295 4187 satisfacit.
1363 4108 1406 4180 In
1433 4135 1549 4206 aperte
1650 4190 1653 4201 y

117 4221 218 4289 enirn
237 4243 275 4288 ac
297 4217 403 4290 libero
424 4213 566 4289 Oceano
587 4237 711 4311 aquam
728 4238 809 4285 mox
825 4207 900 4310 post
921 4207 1094 4285 transtrum
1115 4211 1223 4322 Lunqe
1244 4238 1302 4309 per
1318 4211 1550 4284 Meridiantun

117 4319 250 4392 elevari
274 4321 512 4401 observamus,
548 4315 628 4388 crim
653 4314 836 4389 secundum
866 4309 1006 4386 Cartesti
1032 4312 1228 4385 sententiam
1252 4315 1375 4388 eodem
1396 4337 1550 4408 tempore
1630 4381 1635 4389 ,

114 4421 269 4516 deprimi
290 4420 439 4500 deberet3
465 4443 577 4516 neque
601 4415 759 4516 praeterei
782 4419 848 4488 hoc
868 4417 973 4486 modo
994 4412 1070 4486 fatis
1091 4412 1246 4485 distinete
1266 4415 1463 4512 explicatur,
1489 4435 1550 4486 cur

110 4521 225 4594 Luna
253 4517 311 4590 sub
339 4517 449 4594 Terra
466 4520 571 4594 latens
590 4521 736 4593 eundem
759 4515 829 4590 fere
859 4511 1020 4590 effessum
1051 4537 1186 4598 exerat,
1212 4537 1250 4586 ac
1275 4512 1299 4586 st
1324 4513 1360 4585 fu
1386 4538 1420 4585 er
1439 4511 1550 4585 Hori·

112 4642 229 4693 zonte
251 4619 407 4694 versetur.
459 4621 597 4696 Deinde
619 4623 686 4694 hoc
702 4622 794 4695 idem
812 4618 989 4716 negotium
1003 4639 1073 4688 non
1092 4615 1235 4689 feliciori
1252 4539 1397 4691 successu
1416 4611 1549 4710 aggres-

109 4721 171 4817 sus
196 4715 245 4794 est
269 4719 435 4796 Wallifius
462 4723 592 4802 causam
619 4726 657 4798 in
687 4721 860 4804 corninuni
884 4741 1000 4796 centro
1026 4719 1201 4816 gravitatis
1231 4717 1348 4798 Terre
1373 4719 1412 4794 bc
1435 4715 1549 4788 Lunae

196 4821 292 4920 mm.
318 4827 410 4920 lll-
944 4817 1033 4910 -Os
1454 4834 1551 4914 ‘tues
