4354 5678
635 483 717 589 '356
845 483 1186 589 Itrorrrsrrro
1238 477 1486 558 Prrrtrca
1528 491 1601 551 *rtr
1651 472 1884 558 Crotart

638 681 642 688 .
690 609 723 700 §·
757 627 840 706 105.
867 619 871 626 '
893 599 1035 681 Sextum
1053 604 1306 678 Phanomenun
1329 605 1364 676 in
1387 605 1453 676 hoc
1475 602 1660 699 ponimus,
1686 599 1784 696 quhd
1800 613 1973 684 momenta
1991 591 2066 670 ms

583 731 586 738 ⁴
631 731 748 794 aruum
771 731 923 802 tempore
950 707 1169 805 syzygiarum
1197 705 1305 778 multo
1335 701 1481 776 strislihs
1506 705 1669 776 ordinem·
1690 723 1804 787 tenere
1824 697 2064 782 observantur,

638 807 746 902 quim
782 809 869 880 circa
894 809 1120 902 quadraturas.
1190 805 1263 878 ch
1296 808 1380 882 vero
1411 827 1487 877 ante
1516 806 1630 875 omnia
1661 799 2000 874 animadvertendum
2022 793 2062 868 est

638 910 841 1004 praecipuam
864 903 1047 980 sensrbilen'r
1070 907 1276 978 anomaliern
1292 907 1329 978 in
1352 905 1531 979 momentis
1551 901 1690 976 aesturrrn
1707 903 1787 974 inde
1810 900 1980 994 originem
2001 919 2061 968 tra-

638 1007 741 1088 here,
776 1007 873 1102 qudd
897 1009 968 1078 haec
993 1030 1166 1080 momenta
1189 1031 1232 1080 err
1260 1028 1413 1102 tempore
1443 1005 1539 1078 solati
1563 1027 1663 1099 atque
1685 1001 1706 1074 ‘a
1731 1025 1815 1074 vero
1842 999 1986 1071 meridie
2012 997 2061 1070 serr

636 1097 776 1180 transrtu
804 1107 892 1179 Solis
921 1132 980 1204 per
1007 1109 1232 1180 meridianum
1259 1106 1392 1198 soleant.
1410 1107 1616 1201 computati,
1642 1103 1721 1175 clrm'
1739 1127 1778 1176 ea
1799 1099 1913 1198 potilts
1935 1097 1957 1170 ὲ
1976 1121 2062 1168 tran-

637 1202 703 1290 srtu
722 1208 829 1281 Lunae
857 1231 917 1303 per
941 1207 1167 1280 meridianum
1201 1211 1378 1304 pendeant.
1441 1200 1600 1294 Quddsr
1630 1226 1743 1276 autem
1765 1201 1809 1274 ad
1832 1203 1891 1271 has
1915 1197 2063 1270 observa·

493 1331 495 1335 *
637 1307 747 1382 tiones
773 1329 905 1408 tempus
918 1309 1044 1380 ‘lunare
1068 1307 1087 1378 it
1111 1304 1249 1378 transrtu
1269 1308 1377 1380 Lunae
1397 1331 1457 1402 per
1477 1306 1701 1378 meridianum
1724 1301 1991 1396 computandum
2008 1299 2062 1370 ad·

494 1503 496 1506 Ι
635 1407 818 1494 ltroeatur,
858 1409 1116 1502 irregularitares
1149 1429 1343 1504 apparentes
1371 1409 1553 1478 maximum
1586 1427 1716 1500 partem
1747 1399 1969 1486 evanescent,
2000 1401 2061 1468 hot

637 1507 722 1578 rretd
742 1509 851 1580 multo
871 1509 976 1602 magis
1000 1510 1038 1580 in
1062 1503 1221 1580 fluxubus
1244 1508 1331 1582 circa
1352 1506 1512 1605 syzygias
1530 1504 1634 1601 quiam
1652 1503 1867 1598 quadraturas
1884 1524 1898 1597 :-
1922 1502 1960 1570 in
1981 1523 2061 1594 qua·

636 1607 782 1681 draturis
803 1609 895 1680 enim
915 1609 1076 1702 quoniam
1087 1658 1099 1695 ,
1124 1609 1209 1680 dum
1225 1606 1325 1680 Luna
1345 1632 1404 1704 per
1419 1607 1642 1680 meridianum
1656 1599 1779 1686 transit,
1804 1601 1866 1675 Sol
1888 1624 1959 1672 non
1981 1596 2061 1671 sem-

638 1729 699 1817 per
722 1708 758 1778 in
791 1709 969 1794 horizonte
993 1706 1168 1795 versatur,
1204 1706 1262 1782 sed
1293 1708 1347 1780 vel
1380 1711 1423 1779 ad
1450 1709 1665 1780 horizontem
1692 1706 1832 1777 demum
1862 1702 1990 1772 accedit
2012 1699 2061 1772 rel

637 1827 707 1896 jam
731 1810 773 1880 ab
792 1831 834 1888 eo
858 1809 986 1880 recedit
999 1857 1011 1896 ,
1038 1804 1164 1880 necesse
1189 1803 1236 1879 est
1255 1830 1292 1879 ut
1313 1808 1372 1880 illo
1395 1807 1470 1880 casu
1495 1807 1526 1880 F
1528 1809 1626 1881 luxus
1652 1805 1773 1886 cidhs,
1806 1805 1874 1874 hoc
1897 1801 1983 1892 γετὸ
2002 1824 2061 1872 tar·

637 1905 716 1982 diris
738 1910 933 2003 contingat:
960 1910 1055 2003 quod
1076 1905 1254 1982 discrimen
1278 1907 1369 1982 cirm-
1383 1911 1504 2004 partim
1525 1909 1567 1980 ab
1596 1907 1785 1980 elevatione
1810 1903 1881 1998 poli
1906 1899 2059 1996 patrimi

637 2005 862 2078 declinatione
884 2007 1101 2081 luminarium
1125 2009 1292 2105 pendeat,
1320 2031 1491 2080 momenta
1513 2007 1544 2084 F
1546 2009 1689 2079 luxuum
1709 2007 1745 2077 in
1764 2002 1974 2098 quadraturis
1998 2025 2061 2072 ma·

636 2106 692 2199 gis
716 2107 911 2202 irregularia
931 2109 1067 2188 reddit:
1095 2110 1230 2181 interim
1252 2131 1365 2182 tamen
1387 2109 1501 2181 habita
1521 2112 1641 2180 harum
1664 2101 1986 2180 circumstantiarum
2011 2127 2059 2174 ta·

637 2206 732 2278 tione
763 2204 837 2278 satis
857 2207 963 2303 prope
992 2205 1127 2282 definiti
1153 2205 1270 2306 potest.
1338 2210 1439 2284 Circa
1467 2231 1620 2306 tempora
1642 2207 1818 2282 Fluxuum
1840 2227 1982 2290 aurem,
2006 2201 2058 2298 qui

637 2305 675 2379 in
699 2306 882 2378 noviluniis
902 2332 939 2378 ac
963 2307 1156 2406 pleniluniis
1179 2310 1354 2392 incidunt,
1393 2312 1464 2382 haec
1483 2307 1736 2388 soraterrecrio
1763 2304 1819 2382 seu
1842 2303 1998 2377 reductio
2022 2305 2058 2376 ad

541 2439 554 2456 =
637 2399 813 2478 transtrum
838 2406 947 2478 Lunae
967 2432 1028 2504 per
1049 2410 1273 2488 meridianum
1285 2433 1424 2484 omnem
1445 2408 1515 2482 fere
1539 2409 1739 2486 anomaliam
1760 2407 1873 2490 tollit,
1907 2403 2057 2500 quorsum

636 2501 768 2601 spectat
785 2507 901 2601 regule
921 2507 942 2583 ὲ
964 2508 1067 2588 celeb.
1092 2505 1225 2580 Cashno
1251 2510 1286 2582 in
1308 2508 1415 2586 Mem.
1443 2531 1552 2605 tyro.
1574 2511 1718 2598 tradita,
1743 2508 1812 2605 qui
1834 2530 1897 2601 pro
1923 2507 2057 2577 totidem

636 2605 750 2688 horis,
788 2608 910 2702 quibus
945 2608 1169 2704 plenilunium
1197 2609 1254 2682 seu
1281 2609 1497 2684 novilunium
1520 2611 1576 2683 vel
1609 2633 1687 2692 ante
1705 2609 1883 2682 meridiem
1910 2605 1966 2678 vel
1993 2599 2057 2702 post
2154 2677 2155 2698 ἶ

637 2705 785 2794 incidit,
810 2709 954 2780 totidem
975 2709 1055 2780 bina
1078 2709 1208 2780 minuta
1225 2711 1268 2784 ad
1291 2732 1423 2808 tempus
1449 2711 1479 2784 F
1481 2707 1579 2782 luxiu
1604 2712 1758 2784 medium
1779 2709 1837 2780 vel
1859 2705 1983 2781 addere
2008 2703 2056 2776 vel

637 2803 681 2882 ab
702 2829 744 2877 eo
763 2805 954 2881 subtrahere
981 2808 1093 2900 jubet,
1126 2811 1254 2907 quippe
1277 2833 1352 2906 quae
1373 2835 1416 2884 ex
1434 2834 1533 2884 motu
1554 2810 1663 2884 Lunae
1687 2808 1734 2883 esl
1756 2810 1868 2907 perita.
1924 2805 2058 2879 Interim

637 2922 753 2978 tamen
780 2907 844 2980 hdc
864 2907 1073 2982 cornelione
1097 2911 1249 2982 adhibita
1276 2911 1387 3006 aliqua
1408 2911 1571 2982 anomalia
1591 2905 1752 3007 superesse
1776 2909 2059 3004 deprehenditur,
2153 2957 2154 2986 ,

638 3005 734 3096 errius
754 3030 868 3088 autem
887 3011 973 3082 ratio
993 3034 1037 3082 ex
1059 3007 1170 3081 nostra
1192 3011 1323 3084 theoria
1345 3009 1463 3108 sponte
1489 3011 1648 3107 sequitur.
1711 3010 1863 3101 Quando
1886 3004 2059 3180 enimmsp-
2153 2997 2154 3073 l

638 3108 746 3203 zygie
765 3129 845 3190 ¹ante
865 3109 1043 3182 meridiem
1061 3109 1269 3195 celebratur,
1293 3132 1367 3186 rum
1390 3111 1473 3184 dum
1493 3111 1604 3190 Luna,
1616 3135 1676 3210 pet
1696 3112 1922 3184 meridianum
1940 3130 1971 3180 tr
2035 3129 2059 3193 t,

638 3203 700 3282 sor
720 3205 788 3298 jam
809 3231 887 3282 ante
911 3231 991 3283 eum
1009 3205 1056 3281 est
1080 3205 1294 3305 transgressus
1305 3261 1317 3300 ,
1354 3233 1459 3307 atque
1482 3213 1561 3284 ideo
1588 3214 1657 3306 jam
1683 3212 1856 3304 horizonti
1881 3209 2060 3307 appropio·

637 3327 742 3400 quat,
777 3333 820 3383 ex
840 3331 911 3407 quo
937 3303 1064 3386 necelse
1084 3307 1132 3384 est
1154 3331 1193 3382 ut
1221 3309 1252 3382 F
1254 3311 1352 3384 luxus
1375 3312 1474 3386 citilts
1495 3315 1657 3401 eveniar,
1688 3312 1795 3410 quim
1819 3311 1929 3408 prima
1950 3308 2061 3404 regula

422 3439 426 3446 ·
550 3471 552 3475 ,
638 3405 708 3483 sola
726 3410 876 3482 adhibita
898 3410 1034 3485 indicet.
1085 3407 1207 3506 Atque
1242 3412 1343 3486 etiam
1371 3412 1465 3488 idern
1488 3415 1525 3487 in
1553 3415 1674 3488 tabulis
1699 3411 1876 3487 Fluxuum
1899 3409 2061 3482 Dunlret·
2151 3441 2152 3444 ¹

638 3527 716 3600 quae
734 3511 773 3580 δι
794 3511 831 3581 in
852 3510 1107 3584 PortuGratiat
1129 3511 1410 3601 observatorum,
1436 3511 1545 3589 Mem
1569 3538 1681 3613 1710.
1706 3512 1865 3600 insertis,
1889 3505 2062 3583 martisesld

638 3605 864 3700 conspicitur:
889 3612 1028 3704 quando
1054 3611 1147 3684 enim
1166 3613 1383 3688 novilunium
1405 3609 1672 3713 pleniluniumve
1697 3614 1848 3712 pluribus
1873 3613 1968 3684 horis
1992 3633 2064 3683 ante
2150 3655 2151 3660 =

638 3707 817 3780 meridiem
836 3710 978 3789 accidit,
1005 3733 1080 3788 rum
1103 3709 1234 3784 Fluxus
1253 3711 1548 3790 citius-advenisse
1568 3715 1790 3800 observatur,
1821 3711 1929 3808 quam
1954 3711 2064 3782 calcu·

590 3845 592 3850 ·
638 3801 692 3886 lut
727 3803 935 3886 Calliniarurt
959 3811 1153 3890 indicahatr
1194 3812 1310 3885 contra
1331 3815 1415 3886 verd
1443 3815 1570 3890 tardilrs
1597 3812 1622 3887 sr
1648 3815 1802 3915 syzygia
1824 3816 1967 3886 demum
1995 3811 2065 3907 plu·
2149 3895 2150 3908 ἢ

638 3904 733 3984 ribus
750 3909 843 3980 horis
864 3906 937 4004 poll
956 3911 1134 3984 meridiem
1156 3910 1361 4001 inciderint,
1386 3915 1479 4006 cujus
1506 3916 1641 4011 majoris
1660 3915 1892 3994 retardationis
1912 3911 2066 3986 oausain

638 4003 721 4086 Sole
741 4030 816 4082 tum
833 4010 945 4083 adhuc
964 4014 1005 4083 ab
1026 4012 1206 4086 horizonte
1218 3993 1406 4092 *secedente
1428 4013 1475 4090 est
1498 4019 1687 4112 quaerenda

688 4107 722 4200 §·
753 4111 839 4186 106.
896 4109 1085 4207 Septimum
1114 4109 1367 4187 Phaenomenon
1398 4115 1588 4215 suppeditat
1612 4113 1744 4190 diversa
1771 4117 1955 4190 retardatio
1983 4115 2066 4189 Frus
2148 4145 2149 4148 ¹

514 4218 519 4231 “
639 4229 749 4288 aruum
772 4211 807 4284 in
828 4209 983 4312 syzygiis
1006 4212 1221 4286 luminarium
1240 4215 1280 4292 ez
1306 4217 1515 4312 quadraturis
1536 4217 1690 4315 respectu
1711 4214 1871 4313 appulslu
1891 4215 2008 4290 Lunae
2028 4215 2066 4286 ad

637 4310 865 4386 meridianum
876 4336 891 4404 3
925 4312 1055 4384 tardilu
1087 4311 1211 4392 scilicet
1233 4315 1360 4411 ubique
1386 4317 1538 4402 locorum
1566 4317 1598 4391 F
1599 4319 1725 4406 lurnrs,
1762 4317 1885 4412 quiin
1911 4315 2069 4416 syzygiis
2147 4387 2148 4410 2

601 4497 605 4504 Ι
638 4410 864 4504 ςοῦῑὶηςυῐιῑ,
889 4412 1109 4509 insequuntur
1129 4416 1404 4489 culminationem
1422 4419 1557 4506 Lunae,
1594 4418 1700 4515 quim
1722 4419 1771 4504 ii,
1795 4418 1859 4512 qui
1879 4417 1974 4492 circa
1990 4401 2088 4513 ques

638 4504 792 4619 dremras
813 4513 966 4586 veniunt.
1019 4513 1137 4607 Hujus
1156 4539 1268 4589 autern
1289 4514 1508 4594 Phaenomeni
1526 4520 1654 4616 duplex
1675 4517 1770 4590 causa
1793 4507 1902 4614 potell
1932 4513 2071 4614 affigur-

637 4625 696 4689 at,
721 4627 862 4700 quarum
881 4614 1027 4708 primae
1049 4613 1119 4686 sold
1138 4618 1323 4710 quantitate
1347 4614 1486 4691 aestuum
1507 4622 1655 4717 petitur,
1679 4619 1760 4714 quia
1779 4619 1874 4690 enim
1896 4615 2002 4692 aestus
2023 4616 2071 4716 sy·
2146 4661 2147 4676 .

637 4709 821 4821 zygierrrm
842 4710 953 4798 muli&
977 4711 1054 4814 stru
1069 4715 1212 4816 majores
1233 4715 1342 4822 quam
1361 4713 1457 4802 estut
1479 4723 1780 4826 quadraturarum,
1805 4717 2073 4835 consentaneum
