<?xml version="1.0" encoding="UTF-8"?>
<!DOCTYPE html PUBLIC "-//W3C//DTD XHTML 1.0 Transitional//EN"
    "http://www.w3.org/TR/xhtml1/DTD/xhtml1-transitional.dtd">
<html xmlns="http://www.w3.org/1999/xhtml" xml:lang="en" lang="en">
 <head>
  <title>
</title>
<meta http-equiv="Content-Type" content="text/html;charset=utf-8" />
  <meta name='ocr-system' content='tesseract 3.04.00' />
  <meta name='ocr-capabilities' content='ocr_page ocr_carea ocr_par ocr_line ocrx_word'/>
</head>
<body>
  <div class='ocr_page' id='page_1' title='image "./philosophiaenat00jacqgoog/philosophiaenat00jacqgoog_0166.png"; bbox 0 0 4444 5668; ppageno 0'>
   <div class='ocr_carea' id='block_1_1' title="bbox 400 469 1542 622">
    <p class='ocr_par' dir='ltr' id='par_1_1' title="bbox 400 469 1542 622">
     <span class='ocr_line' id='line_1_1' title="bbox 400 469 1542 622; baseline -0.001 -38"><span class='ocrx_word' id='word_1_1' title='bbox 400 501 722 584; x_wconf 53' lang='lat' dir='ltr'>P‘nrncrnra</span> <span class='ocrx_word' id='word_1_2' title='bbox 781 469 1260 622; x_wconf 60' lang='lat' dir='ltr'>Marnrnarrcaf</span> <span class='ocrx_word' id='word_1_3' title='bbox 1466 513 1542 604; x_wconf 82' lang='lat'>12&#39;5</span> 
     </span>
    </p>
   </div>
   <div class='ocr_carea' id='block_1_2' title="bbox 111 637 1715 2527">
    <p class='ocr_par' dir='ltr' id='par_1_2' title="bbox 111 637 1715 2527">
     <span class='ocr_line' id='line_1_2' title="bbox 171 637 1695 770; baseline -0.004 -42"><span class='ocrx_word' id='word_1_4' title='bbox 171 638 319 728; x_wconf 80' lang='lat' dir='ltr'><strong>Pendet</strong></span> <span class='ocrx_word' id='word_1_5' title='bbox 352 651 465 724; x_wconf 85' lang='lat' dir='ltr'>etiarn</span> <span class='ocrx_word' id='word_1_6' title='bbox 500 639 654 726; x_wconf 74' lang='lat' dir='ltr'>eil&#39;etlus</span> <span class='ocrx_word' id='word_1_7' title='bbox 694 643 884 754; x_wconf 87' lang='lat' dir='ltr'>utriusque</span> <span class='ocrx_word' id='word_1_8' title='bbox 913 649 1106 727; x_wconf 88' lang='lat' dir='ltr'>luminaris</span> <span class='ocrx_word' id='word_1_9' title='bbox 1148 673 1194 725; x_wconf 85' lang='lat' dir='ltr'>ex</span> <span class='ocrx_word' id='word_1_10' title='bbox 1230 642 1339 752; x_wconf 82' lang='lat' dir='ltr'>ipsius</span> <span class='ocrx_word' id='word_1_11' title='bbox 1374 637 1540 723; x_wconf 86' lang='lat' dir='ltr'>declina·</span> <span class='ocrx_word' id='word_1_12' title='bbox 1565 637 1695 770; x_wconf 53' lang='grc' dir='ltr'>ξω*</span> 
     </span>
     <span class='ocr_line' id='line_1_3' title="bbox 114 734 1711 874; baseline 0.001 -29"><span class='ocrx_word' id='word_1_13' title='bbox 114 765 220 845; x_wconf 86' lang='lat' dir='ltr'>tinne</span> <span class='ocrx_word' id='word_1_14' title='bbox 245 767 307 843; x_wconf 82' lang='lat' dir='ltr'>leu</span> <span class='ocrx_word' id='word_1_15' title='bbox 331 755 500 844; x_wconf 71' lang='lat' dir='ltr'>distantitl</span> <span class='ocrx_word' id='word_1_16' title='bbox 526 762 572 844; x_wconf 85' lang='lat' dir='ltr'>ab</span> <span class='ocrx_word' id='word_1_17' title='bbox 600 789 804 874; x_wconf 81' lang='lat' dir='ltr'>aeqnarore.</span> <span class='ocrx_word' id='word_1_18' title='bbox 866 767 971 846; x_wconf 84' lang='lat' dir='ltr'>Nam</span> <span class='ocrx_word' id='word_1_19' title='bbox 1000 766 1232 844; x_wconf 74' lang='lat' dir='ltr'>illuminare</span> <span class='ocrx_word' id='word_1_20' title='bbox 1260 768 1299 842; x_wconf 88' lang='lat' dir='ltr'>in</span> <span class='ocrx_word' id='word_1_21' title='bbox 1328 765 1420 871; x_wconf 93' lang='lat' dir='ltr'>polo</span> <span class='ocrx_word' id='word_1_22' title='bbox 1446 789 1536 842; x_wconf 89' lang='lat' dir='ltr'>con·</span> <span class='ocrx_word' id='word_1_23' title='bbox 1565 734 1711 850; x_wconf 51' lang='lat' dir='ltr'>prpprps.</span> 
     </span>
     <span class='ocr_line' id='line_1_4' title="bbox 114 867 1700 1004; baseline -0.002 -42"><span class='ocrx_word' id='word_1_24' title='bbox 114 886 354 973; x_wconf 88' lang='lat' dir='ltr'>stitueretur,</span> <span class='ocrx_word' id='word_1_25' title='bbox 398 880 564 962; x_wconf 86' lang='lat' dir='ltr'>traherer</span> <span class='ocrx_word' id='word_1_26' title='bbox 592 877 686 962; x_wconf 91' lang='lat' dir='ltr'>illud</span> <span class='ocrx_word' id='word_1_27' title='bbox 715 883 873 991; x_wconf 87' lang='lat' dir='ltr'>smgnlas</span> <span class='ocrx_word' id='word_1_28' title='bbox 901 911 1008 990; x_wconf 86' lang='lat' dir='ltr'>aquae</span> <span class='ocrx_word' id='word_1_29' title='bbox 1035 903 1159 990; x_wconf 83' lang='lat' dir='ltr'>partes</span> <span class='ocrx_word' id='word_1_30' title='bbox 1190 883 1429 976; x_wconf 83' lang='lat' dir='ltr'>constanter,</span> <span class='ocrx_word' id='word_1_31' title='bbox 1460 880 1537 960; x_wconf 88' lang='lat' dir='ltr'>srne</span> <span class='ocrx_word' id='word_1_32' title='bbox 1563 867 1700 1004; x_wconf 46' lang='lat' dir='ltr'>{delevi</span> 
     </span>
     <span class='ocr_line' id='line_1_5' title="bbox 111 983 1715 1109; baseline -0.002 -27"><span class='ocrx_word' id='word_1_33' title='bbox 111 1003 273 1082; x_wconf 69' lang='lat' dir='ltr'>aaronis</span> <span class='ocrx_word' id='word_1_34' title='bbox 298 996 506 1084; x_wconf 76' lang='lat' dir='ltr'>intensione</span> <span class='ocrx_word' id='word_1_35' title='bbox 535 1013 577 1082; x_wconf 78' lang='lat' dir='ltr'>lic</span> <span class='ocrx_word' id='word_1_36' title='bbox 609 1000 822 1080; x_wconf 85' lang='lat' dir='ltr'>rerniffionc</span> <span class='ocrx_word' id='word_1_37' title='bbox 845 993 1013 1109; x_wconf 80' lang='lat' dir='ltr'>ideoque</span> <span class='ocrx_word' id='word_1_38' title='bbox 1041 1001 1184 1080; x_wconf 88' lang='lat' dir='ltr'>nnllam</span> <span class='ocrx_word' id='word_1_39' title='bbox 1211 1025 1338 1081; x_wconf 89' lang='lat' dir='ltr'>motus</span> <span class='ocrx_word' id='word_1_40' title='bbox 1369 1005 1532 1107; x_wconf 88' lang='lat' dir='ltr'>recipro-</span> <span class='ocrx_word' id='word_1_41' title='bbox 1563 1019 1664 1084; x_wconf 78' lang='lat' dir='ltr'>itt-x,</span> <span class='ocrx_word' id='word_1_42' title='bbox 1705 983 1715 1020; x_wconf 66' lang='lat'>⁹</span> 
     </span>
     <span class='ocr_line' id='line_1_6' title="bbox 112 1109 1534 1228; baseline -0.003 -30"><span class='ocrx_word' id='word_1_43' title='bbox 112 1124 306 1198; x_wconf 79' lang='lat' dir='ltr'>cerionem</span> <span class='ocrx_word' id='word_1_44' title='bbox 337 1125 465 1197; x_wconf 81' lang='lat' dir='ltr'>cieret.</span> <span class='ocrx_word' id='word_1_45' title='bbox 543 1115 664 1228; x_wconf 78' lang='lat' dir='ltr'>Igitur</span> <span class='ocrx_word' id='word_1_46' title='bbox 688 1123 889 1199; x_wconf 84' lang='lat' dir='ltr'>luminaria</span> <span class='ocrx_word' id='word_1_47' title='bbox 918 1109 1136 1199; x_wconf 89' lang='lat' dir='ltr'>recedendo</span> <span class='ocrx_word' id='word_1_48' title='bbox 1165 1115 1213 1198; x_wconf 79' lang='lat' dir='ltr'>a‘b</span> <span class='ocrx_word' id='word_1_49' title='bbox 1249 1137 1442 1225; x_wconf 72' lang='lat' dir='ltr'>aquatore</span> <span class='ocrx_word' id='word_1_50' title='bbox 1466 1143 1534 1225; x_wconf 86' lang='lat' dir='ltr'>po.</span> 
     </span>
     <span class='ocr_line' id='line_1_7' title="bbox 113 1231 1534 1346; baseline 0.001 -31"><span class='ocrx_word' id='word_1_51' title='bbox 113 1237 192 1316; x_wconf 90' lang='lat' dir='ltr'>lurn</span> <span class='ocrx_word' id='word_1_52' title='bbox 220 1235 369 1328; x_wconf 91' lang='lat' dir='ltr'>versus,</span> <span class='ocrx_word' id='word_1_53' title='bbox 400 1231 554 1318; x_wconf 75' lang='lat' dir='ltr'>effec‘lus</span> <span class='ocrx_word' id='word_1_54' title='bbox 585 1232 667 1318; x_wconf 90' lang='lat' dir='ltr'>suos</span> <span class='ocrx_word' id='word_1_55' title='bbox 691 1231 878 1346; x_wconf 76' lang='lat' dir='ltr'>gradatim</span> <span class='ocrx_word' id='word_1_56' title='bbox 908 1243 1112 1332; x_wconf 85' lang='lat' dir='ltr'>amittent,</span> <span class='ocrx_word' id='word_1_57' title='bbox 1157 1248 1199 1318; x_wconf 77' lang='grc' dir='ltr'>δι</span> <span class='ocrx_word' id='word_1_58' title='bbox 1230 1251 1430 1344; x_wconf 80' lang='lat' dir='ltr'>propterea</span> <span class='ocrx_word' id='word_1_59' title='bbox 1456 1243 1534 1317; x_wconf 87' lang='lat' dir='ltr'>rni-</span> 
     </span>
     <span class='ocr_line' id='line_1_8' title="bbox 112 1351 1533 1464; baseline -0.006 -30"><span class='ocrx_word' id='word_1_60' title='bbox 112 1381 225 1434; x_wconf 87' lang='lat' dir='ltr'>nores</span> <span class='ocrx_word' id='word_1_61' title='bbox 250 1351 406 1434; x_wconf 89' lang='lat' dir='ltr'>ciebunt</span> <span class='ocrx_word' id='word_1_62' title='bbox 434 1358 536 1436; x_wconf 84' lang='lat' dir='ltr'>aestus</span> <span class='ocrx_word' id='word_1_63' title='bbox 563 1363 601 1437; x_wconf 92' lang='lat' dir='ltr'>in</span> <span class='ocrx_word' id='word_1_64' title='bbox 625 1354 784 1464; x_wconf 29' lang='lat' dir='ltr'>&#39;syzygiis</span> <span class='ocrx_word' id='word_1_65' title='bbox 817 1353 1063 1436; x_wconf 87' lang='lat' dir='ltr'>solstitialibus</span> <span class='ocrx_word' id='word_1_66' title='bbox 1091 1381 1206 1464; x_wconf 87' lang='lat' dir='ltr'>quarn</span> <span class='ocrx_word' id='word_1_67' title='bbox 1227 1360 1265 1433; x_wconf 92' lang='lat' dir='ltr'>in</span> <span class='ocrx_word' id='word_1_68' title='bbox 1291 1351 1533 1460; x_wconf 64' lang='lat' dir='ltr'>equinodia.</span> 
     </span>
     <span class='ocr_line' id='line_1_9' title="bbox 113 1465 1548 1579; baseline -0.001 -25"><span class='ocrx_word' id='word_1_69' title='bbox 113 1471 221 1554; x_wconf 86' lang='lat' dir='ltr'>libus.</span> <span class='ocrx_word' id='word_1_70' title='bbox 283 1473 324 1552; x_wconf 90' lang='lat' dir='ltr'>ln</span> <span class='ocrx_word' id='word_1_71' title='bbox 357 1465 592 1579; x_wconf 79' lang='lat' dir='ltr'>quadraturis</span> <span class='ocrx_word' id='word_1_72' title='bbox 625 1496 752 1554; x_wconf 87' lang='lat' dir='ltr'>autem</span> <span class='ocrx_word' id='word_1_73' title='bbox 779 1471 1026 1553; x_wconf 89' lang='lat' dir='ltr'>solstitialibus</span> <span class='ocrx_word' id='word_1_74' title='bbox 1056 1476 1217 1573; x_wconf 85' lang='lat' dir='ltr'>majores</span> <span class='ocrx_word' id='word_1_75' title='bbox 1250 1469 1406 1550; x_wconf 89' lang='lat' dir='ltr'>ciebunt</span> <span class='ocrx_word' id='word_1_76' title='bbox 1429 1473 1548 1552; x_wconf 79' lang='lat' dir='ltr'>restur-</span> 
     </span>
     <span class='ocr_line' id='line_1_10' title="bbox 113 1585 1526 1699; baseline -0.001 -29"><span class='ocrx_word' id='word_1_77' title='bbox 113 1619 228 1698; x_wconf 89' lang='lat' dir='ltr'>quam</span> <span class='ocrx_word' id='word_1_78' title='bbox 258 1595 296 1672; x_wconf 89' lang='lat' dir='ltr'>in</span> <span class='ocrx_word' id='word_1_79' title='bbox 320 1585 556 1698; x_wconf 80' lang='lat' dir='ltr'>quadraturis</span> <span class='ocrx_word' id='word_1_80' title='bbox 587 1593 938 1698; x_wconf 74' lang='lat' dir='ltr'>aequinodrialibuss</span> <span class='ocrx_word' id='word_1_81' title='bbox 977 1615 1030 1670; x_wconf 88' lang='lat' dir='ltr'>eo·</span> <span class='ocrx_word' id='word_1_82' title='bbox 1056 1586 1165 1699; x_wconf 90' lang='lat' dir='ltr'>quod</span> <span class='ocrx_word' id='word_1_83' title='bbox 1191 1593 1285 1670; x_wconf 79' lang='lat' dir='ltr'>iuna</span> <span class='ocrx_word' id='word_1_84' title='bbox 1312 1591 1386 1693; x_wconf 82' lang='lat' dir='ltr'>jam</span> <span class='ocrx_word' id='word_1_85' title='bbox 1412 1595 1451 1668; x_wconf 93' lang='lat' dir='ltr'>in</span> <span class='ocrx_word' id='word_1_86' title='bbox 1474 1617 1526 1669; x_wconf 82' lang='lat' dir='ltr'>ae·-</span> 
     </span>
     <span class='ocr_line' id='line_1_11' title="bbox 115 1701 1533 1818; baseline 0 -30"><span class='ocrx_word' id='word_1_87' title='bbox 115 1735 275 1818; x_wconf 86' lang='lat' dir='ltr'>quatore</span> <span class='ocrx_word' id='word_1_88' title='bbox 291 1703 500 1789; x_wconf 82' lang='lat' dir='ltr'>conilitutae</span> <span class='ocrx_word' id='word_1_89' title='bbox 516 1704 670 1790; x_wconf 73' lang='lat' dir='ltr'>effecius</span> <span class='ocrx_word' id='word_1_90' title='bbox 684 1707 849 1790; x_wconf 75' lang='lat' dir='ltr'>maxime</span> <span class='ocrx_word' id='word_1_91' title='bbox 863 1707 1008 1818; x_wconf 84' lang='lat' dir='ltr'>superat</span> <span class='ocrx_word' id='word_1_92' title='bbox 1021 1704 1200 1792; x_wconf 72' lang='lat' dir='ltr'>effectum</span> <span class='ocrx_word' id='word_1_93' title='bbox 1212 1706 1307 1790; x_wconf 91' lang='lat' dir='ltr'>solis.</span> <span class='ocrx_word' id='word_1_94' title='bbox 1354 1701 1533 1788; x_wconf 87' lang='lat' dir='ltr'>Incidunt</span> 
     </span>
     <span class='ocr_line' id='line_1_12' title="bbox 114 1821 1533 1937; baseline -0.006 -32"><span class='ocrx_word' id='word_1_95' title='bbox 114 1832 226 1935; x_wconf 89' lang='lat' dir='ltr'>igitur</span> <span class='ocrx_word' id='word_1_96' title='bbox 244 1830 348 1907; x_wconf 86' lang='lat' dir='ltr'>aellus</span> <span class='ocrx_word' id='word_1_97' title='bbox 372 1835 538 1907; x_wconf 74' lang='lat' dir='ltr'>maximi</span> <span class='ocrx_word' id='word_1_98' title='bbox 556 1836 595 1909; x_wconf 91' lang='lat' dir='ltr'>in</span> <span class='ocrx_word' id='word_1_99' title='bbox 623 1826 844 1937; x_wconf 86' lang='lat' dir='ltr'>syzygias&amp;</span> <span class='ocrx_word' id='word_1_100' title='bbox 864 1833 1012 1908; x_wconf 87' lang='lat' dir='ltr'>minimi</span> <span class='ocrx_word' id='word_1_101' title='bbox 1040 1835 1079 1910; x_wconf 90' lang='lat' dir='ltr'>in</span> <span class='ocrx_word' id='word_1_102' title='bbox 1105 1821 1350 1935; x_wconf 81' lang='lat' dir='ltr'>quadraturas</span> <span class='ocrx_word' id='word_1_103' title='bbox 1372 1825 1533 1907; x_wconf 83' lang='lat' dir='ltr'>lumina.</span> 
     </span>
     <span class='ocr_line' id='line_1_13' title="bbox 113 1944 1533 2056; baseline 0.001 -32"><span class='ocrx_word' id='word_1_104' title='bbox 113 1952 226 2038; x_wconf 85' lang='lat' dir='ltr'>rium,</span> <span class='ocrx_word' id='word_1_105' title='bbox 259 1953 359 2026; x_wconf 88' lang='lat' dir='ltr'>circa</span> <span class='ocrx_word' id='word_1_106' title='bbox 377 1969 550 2053; x_wconf 90' lang='lat' dir='ltr'>tempora</span> <span class='ocrx_word' id='word_1_107' title='bbox 580 1947 798 2053; x_wconf 75' lang='lat' dir='ltr'>atquinodii</span> <span class='ocrx_word' id='word_1_108' title='bbox 824 1944 1027 2056; x_wconf 90' lang='lat' dir='ltr'>utriusque.</span> <span class='ocrx_word' id='word_1_109' title='bbox 1086 1947 1136 2026; x_wconf 85' lang='lat' dir='ltr'>Et</span> <span class='ocrx_word' id='word_1_110' title='bbox 1164 1947 1291 2026; x_wconf 81' lang='lat' dir='ltr'>aestum</span> <span class='ocrx_word' id='word_1_111' title='bbox 1319 1951 1533 2027; x_wconf 84' lang='lat' dir='ltr'>maximum</span> 
     </span>
     <span class='ocr_line' id='line_1_14' title="bbox 114 2056 1534 2172; baseline 0 -29"><span class='ocrx_word' id='word_1_112' title='bbox 114 2069 149 2143; x_wconf 92' lang='lat' dir='ltr'>in</span> <span class='ocrx_word' id='word_1_113' title='bbox 179 2060 335 2172; x_wconf 74' lang='lat' dir='ltr'>syzygiis</span> <span class='ocrx_word' id='word_1_114' title='bbox 361 2071 567 2146; x_wconf 88' lang='lat' dir='ltr'>comitatur</span> <span class='ocrx_word' id='word_1_115' title='bbox 593 2063 737 2172; x_wconf 85' lang='lat' dir='ltr'>semper</span> <span class='ocrx_word' id='word_1_116' title='bbox 763 2070 942 2146; x_wconf 88' lang='lat' dir='ltr'>minimus</span> <span class='ocrx_word' id='word_1_117' title='bbox 967 2071 1005 2145; x_wconf 92' lang='lat' dir='ltr'>in</span> <span class='ocrx_word' id='word_1_118' title='bbox 1038 2056 1302 2171; x_wconf 84' lang='lat' dir='ltr'>quadraturis,</span> <span class='ocrx_word' id='word_1_119' title='bbox 1344 2083 1386 2140; x_wconf 88' lang='lat' dir='ltr'>ur</span> <span class='ocrx_word' id='word_1_120' title='bbox 1418 2088 1534 2172; x_wconf 84' lang='lat' dir='ltr'>expe·</span> 
     </span>
     <span class='ocr_line' id='line_1_15' title="bbox 115 2175 1534 2290; baseline 0.002 -30"><span class='ocrx_word' id='word_1_121' title='bbox 115 2189 249 2261; x_wconf 89' lang='lat' dir='ltr'>rienria</span> <span class='ocrx_word' id='word_1_122' title='bbox 282 2202 522 2290; x_wconf 90' lang='lat' dir='ltr'>compertum</span> <span class='ocrx_word' id='word_1_123' title='bbox 555 2185 617 2263; x_wconf 89' lang='lat' dir='ltr'>est.</span> <span class='ocrx_word' id='word_1_124' title='bbox 692 2183 764 2264; x_wconf 89' lang='lat' dir='ltr'>Per</span> <span class='ocrx_word' id='word_1_125' title='bbox 789 2191 980 2262; x_wconf 87' lang='lat' dir='ltr'>minorem</span> <span class='ocrx_word' id='word_1_126' title='bbox 1007 2205 1136 2261; x_wconf 89' lang='lat' dir='ltr'>autern</span> <span class='ocrx_word' id='word_1_127' title='bbox 1168 2175 1383 2260; x_wconf 76' lang='lat' dir='ltr'>distantiam</span> <span class='ocrx_word' id='word_1_128' title='bbox 1407 2177 1534 2263; x_wconf 76' lang='lat' dir='ltr'>solisit</span> 
     </span>
     <span class='ocr_line' id='line_1_16' title="bbox 114 2299 1535 2408; baseline 0 -29"><span class='ocrx_word' id='word_1_129' title='bbox 114 2301 237 2393; x_wconf 72' lang='lat' dir='ltr'>terrai,</span> <span class='ocrx_word' id='word_1_130' title='bbox 270 2322 443 2404; x_wconf 85' lang='lat' dir='ltr'>ternpore</span> <span class='ocrx_word' id='word_1_131' title='bbox 471 2299 645 2401; x_wconf 87' lang='lat' dir='ltr'>hyberno</span> <span class='ocrx_word' id='word_1_132' title='bbox 670 2327 787 2408; x_wconf 86' lang='lat' dir='ltr'>quam</span> <span class='ocrx_word' id='word_1_133' title='bbox 811 2323 986 2408; x_wconf 89' lang='lat' dir='ltr'>tempore</span> <span class='ocrx_word' id='word_1_134' title='bbox 1016 2299 1156 2394; x_wconf 86' lang='lat' dir='ltr'>aestivo,</span> <span class='ocrx_word' id='word_1_135' title='bbox 1189 2299 1233 2378; x_wconf 82' lang='lat' dir='ltr'>fir</span> <span class='ocrx_word' id='word_1_136' title='bbox 1259 2319 1301 2378; x_wconf 94' lang='lat' dir='ltr'>ut</span> <span class='ocrx_word' id='word_1_137' title='bbox 1323 2299 1427 2378; x_wconf 76' lang='lat' dir='ltr'>astus</span> <span class='ocrx_word' id='word_1_138' title='bbox 1455 2323 1535 2379; x_wconf 83' lang='lat' dir='ltr'>nra·</span> 
     </span>
     <span class='ocr_line' id='line_1_17' title="bbox 115 2414 1535 2527; baseline 0 -29"><span class='ocrx_word' id='word_1_139' title='bbox 115 2425 207 2498; x_wconf 80' lang='lat' dir='ltr'>xirni</span> <span class='ocrx_word' id='word_1_140' title='bbox 240 2427 280 2499; x_wconf 77' lang='grc' dir='ltr'>δι</span> <span class='ocrx_word' id='word_1_141' title='bbox 320 2423 469 2496; x_wconf 87' lang='lat' dir='ltr'>minimi</span> <span class='ocrx_word' id='word_1_142' title='bbox 506 2416 634 2527; x_wconf 78' lang='lat' dir='ltr'>saepius</span> <span class='ocrx_word' id='word_1_143' title='bbox 672 2414 888 2525; x_wconf 81' lang='lat' dir='ltr'>praecedant</span> <span class='ocrx_word' id='word_1_144' title='bbox 914 2419 1187 2526; x_wconf 73' lang='lat' dir='ltr'>aequinostium</span> <span class='ocrx_word' id='word_1_145' title='bbox 1220 2441 1380 2496; x_wconf 89' lang='lat' dir='ltr'>vernum</span> <span class='ocrx_word' id='word_1_146' title='bbox 1417 2443 1535 2524; x_wconf 87' lang='lat' dir='ltr'>quarn</span> 
     </span>
    </p>
   </div>
   <div class='ocr_carea' id='block_1_3' title="bbox 114 2528 1462 2808">
    <p class='ocr_par' dir='ltr' id='par_1_3' title="bbox 114 2528 1462 2808">
     <span class='ocr_line' id='line_1_18' title="bbox 114 2528 1462 2646; baseline 0.004 -34"><span class='ocrx_word' id='word_1_147' title='bbox 114 2531 342 2644; x_wconf 84' lang='lat' dir='ltr'>sequantur,</span> <span class='ocrx_word' id='word_1_148' title='bbox 374 2545 413 2616; x_wconf 74' lang='grc' dir='ltr'>δι</span> <span class='ocrx_word' id='word_1_149' title='bbox 445 2532 573 2642; x_wconf 76' lang='lat' dir='ltr'>sapius</span> <span class='ocrx_word' id='word_1_150' title='bbox 600 2534 802 2646; x_wconf 88' lang='lat' dir='ltr'>sequantur</span> <span class='ocrx_word' id='word_1_151' title='bbox 837 2539 1056 2620; x_wconf 89' lang='lat' dir='ltr'>autumnale</span> <span class='ocrx_word' id='word_1_152' title='bbox 1086 2561 1203 2645; x_wconf 87' lang='lat' dir='ltr'>quam</span> <span class='ocrx_word' id='word_1_153' title='bbox 1234 2528 1462 2644; x_wconf 81' lang='lat' dir='ltr'>praecedant.</span> 
     </span>
     <span class='ocr_line' id='line_1_19' title="bbox 171 2672 1145 2808; baseline 0 -48"><span class='ocrx_word' id='word_1_154' title='bbox 171 2672 347 2760; x_wconf 89' lang='lat' dir='ltr'>Pendent</span> <span class='ocrx_word' id='word_1_155' title='bbox 383 2685 499 2759; x_wconf 87' lang='lat' dir='ltr'>eriam</span> <span class='ocrx_word' id='word_1_156' title='bbox 542 2675 656 2760; x_wconf 87' lang='lat' dir='ltr'>effec-</span> <span class='ocrx_word' id='word_1_157' title='bbox 1021 2735 1065 2808; x_wconf 66' lang='lat' dir='ltr'>K</span> <span class='ocrx_word' id='word_1_158' title='bbox 1099 2739 1145 2804; x_wconf 65' lang='grc' dir='ltr'>Ν</span> 
     </span>
    </p>
   </div>
   <div class='ocr_carea' id='block_1_4' title="bbox 115 2794 1357 3342">
    <p class='ocr_par' dir='ltr' id='par_1_4' title="bbox 115 2794 1357 3031">
     <span class='ocr_line' id='line_1_20' title="bbox 115 2794 1357 2886; baseline 0.01 -10"><span class='ocrx_word' id='word_1_159' title='bbox 115 2816 171 2876; x_wconf 81' lang='lat' dir='ltr'>tur</span> <span class='ocrx_word' id='word_1_160' title='bbox 221 2799 236 2876; x_wconf 95' lang='lat' dir='ltr'>l</span> <span class='ocrx_word' id='word_1_161' title='bbox 310 2804 470 2876; x_wconf 86' lang='lat' dir='ltr'>&#39;arium</span> <span class='ocrx_word' id='word_1_162' title='bbox 512 2825 559 2878; x_wconf 89' lang='lat' dir='ltr'>ex</span> <span class='ocrx_word' id='word_1_163' title='bbox 598 2799 656 2878; x_wconf 91' lang='lat' dir='ltr'>lo·</span> <span class='ocrx_word' id='word_1_164' title='bbox 874 2795 916 2886; x_wconf 80' lang='lat' dir='ltr'><em>f</em></span> <span class='ocrx_word' id='word_1_165' title='bbox 1352 2794 1357 2802; x_wconf 41' lang='lat'><strong>⁴</strong></span> 
     </span>
     <span class='ocr_line' id='line_1_21' title="bbox 116 2909 791 3031; baseline 0.011 -39"><span class='ocrx_word' id='word_1_166' title='bbox 116 2941 206 2993; x_wconf 87' lang='lat' dir='ltr'>corn</span> <span class='ocrx_word' id='word_1_167' title='bbox 299 2909 489 3031; x_wconf 29' lang='lat' dir='ltr'>&#39;&#39;itudine</span> <span class='ocrx_word' id='word_1_168' title='bbox 522 2915 656 3024; x_wconf 87' lang='lat' dir='ltr'>Defig-</span> <span class='ocrx_word' id='word_1_169' title='bbox 753 2963 791 3028; x_wconf 77' lang='lat' dir='ltr'><strong>D</strong></span> 
     </span>
    </p>

    <p class='ocr_par' dir='ltr' id='par_1_5' title="bbox 117 3029 1026 3136">
     <span class='ocr_line' id='line_1_22' title="bbox 117 3029 654 3114; baseline 0.015 -8"><span class='ocrx_word' id='word_1_170' title='bbox 117 3054 180 3112; x_wconf 89' lang='lat' dir='ltr'>net</span> <span class='ocrx_word' id='word_1_171' title='bbox 343 3029 434 3110; x_wconf 76' lang='grc' dir='ltr'>ΕΡ</span> <span class='ocrx_word' id='word_1_172' title='bbox 479 3033 654 3114; x_wconf 86' lang='lat' dir='ltr'>tellurem</span> 
     </span>
    </p>

    <p class='ocr_par' dir='ltr' id='par_1_6' title="bbox 117 3134 1127 3342">
     <span class='ocr_line' id='line_1_23' title="bbox 117 3134 1038 3342; baseline 0.012 -116"><span class='ocrx_word' id='word_1_173' title='bbox 117 3134 239 3342; x_wconf 46' lang='lat' dir='ltr'>ar}</span> <span class='ocrx_word' id='word_1_174' title='bbox 284 3147 455 3238; x_wconf 85' lang='lat' dir='ltr'>rosundis</span> <span class='ocrx_word' id='word_1_175' title='bbox 485 3145 656 3258; x_wconf 87' lang='lat' dir='ltr'>undique</span> <span class='ocrx_word' id='word_1_176' title='bbox 712 3207 758 3304; x_wconf 46' lang='lat'>¹1-</span> <span class='ocrx_word' id='word_1_177' title='bbox 1035 3264 1038 3267; x_wconf 12' lang='grc' dir='ltr'>Ι</span> 
     </span>
    </p>
   </div>
   <div class='ocr_carea' id='block_1_5' title="bbox 114 3254 1559 4912">
    <p class='ocr_par' dir='ltr' id='par_1_7' title="bbox 117 3254 656 3376">
     <span class='ocr_line' id='line_1_24' title="bbox 117 3254 656 3376; baseline 0.007 -30"><span class='ocrx_word' id='word_1_178' title='bbox 117 3254 359 3376; x_wconf 57' lang='grc' dir='ltr'>εορῗῑῐαωῑ</span> <span class='ocrx_word' id='word_1_179' title='bbox 408 3267 443 3347; x_wconf 92' lang='lat' dir='ltr'><em>C</em></span> <span class='ocrx_word' id='word_1_180' title='bbox 479 3293 656 3350; x_wconf 89' lang='lat' dir='ltr'>centrum</span> 
     </span>
    </p>

    <p class='ocr_par' dir='ltr' id='par_1_8' title="bbox 119 3381 654 3498">
     <span class='ocr_line' id='line_1_25' title="bbox 119 3381 654 3498; baseline 0.004 -35"><span class='ocrx_word' id='word_1_181' title='bbox 119 3385 216 3488; x_wconf 72' lang='lat' dir='ltr'>ejnsr</span> <span class='ocrx_word' id='word_1_182' title='bbox 251 3381 304 3484; x_wconf 92' lang='lat' dir='ltr'>P,</span> <span class='ocrx_word' id='word_1_183' title='bbox 345 3390 532 3498; x_wconf 87' lang='lat' dir='ltr'>ppolos;</span> <span class='ocrx_word' id='word_1_184' title='bbox 566 3383 654 3465; x_wconf 81' lang='lat' dir='ltr'>Ali</span> 
     </span>
    </p>

    <p class='ocr_par' dir='ltr' id='par_1_9' title="bbox 118 3505 654 3610">
     <span class='ocr_line' id='line_1_26' title="bbox 118 3505 654 3610; baseline 0.011 -28"><span class='ocrx_word' id='word_1_185' title='bbox 118 3526 390 3610; x_wconf 75' lang='lat' dir='ltr'>aequatoretns</span> <span class='ocrx_word' id='word_1_186' title='bbox 453 3505 486 3586; x_wconf 80' lang='lat' dir='ltr'><em>F</em></span> <span class='ocrx_word' id='word_1_187' title='bbox 523 3509 654 3588; x_wconf 89' lang='lat' dir='ltr'>locum</span> 
     </span>
    </p>

    <p class='ocr_par' dir='ltr' id='par_1_10' title="bbox 116 3631 1191 3775">
     <span class='ocr_line' id='line_1_27' title="bbox 116 3631 1191 3775; baseline 0.006 -77"><span class='ocrx_word' id='word_1_188' title='bbox 116 3631 287 3727; x_wconf 88' lang='lat' dir='ltr'>quemvis</span> <span class='ocrx_word' id='word_1_189' title='bbox 336 3646 442 3706; x_wconf 88' lang='lat' dir='ltr'>extra</span> <span class='ocrx_word' id='word_1_190' title='bbox 487 3644 655 3734; x_wconf 82' lang='lat' dir='ltr'>aequato-</span> <span class='ocrx_word' id='word_1_191' title='bbox 946 3687 951 3700; x_wconf 92' lang='lat'><em>.</em></span> <span class='ocrx_word' id='word_1_192' title='bbox 1110 3665 1115 3694; x_wconf 87' lang='lat'><em>=</em></span> <span class='ocrx_word' id='word_1_193' title='bbox 1159 3651 1191 3775; x_wconf 62' lang='lat' dir='ltr'>&#39;d</span> 
     </span>
    </p>

    <p class='ocr_par' dir='ltr' id='par_1_11' title="bbox 117 3735 1559 3848">
     <span class='ocr_line' id='line_1_28' title="bbox 117 3735 1559 3848; baseline 0.003 -32"><span class='ocrx_word' id='word_1_194' title='bbox 117 3763 222 3826; x_wconf 74' lang='lat' dir='ltr'>rems</span> <span class='ocrx_word' id='word_1_195' title='bbox 258 3739 291 3818; x_wconf 89' lang='lat' dir='ltr'><em>F</em></span> <span class='ocrx_word' id='word_1_196' title='bbox 300 3735 334 3846; x_wconf 78' lang='lat' dir='ltr'><em>f</em></span> <span class='ocrx_word' id='word_1_197' title='bbox 350 3743 569 3848; x_wconf 82' lang='lat' dir='ltr'>parallelum</span> <span class='ocrx_word' id='word_1_198' title='bbox 598 3745 654 3825; x_wconf 88' lang='lat' dir='ltr'>lo·</span> <span class='ocrx_word' id='word_1_199' title='bbox 1021 3753 1052 3814; x_wconf 73' lang='lat' dir='ltr'>i&lt;</span> <span class='ocrx_word' id='word_1_200' title='bbox 1089 3735 1132 3796; x_wconf 79' lang='grc' dir='ltr'><strong>Μ</strong></span> <span class='ocrx_word' id='word_1_201' title='bbox 1556 3815 1559 3820; x_wconf 91' lang='grc'>,</span> 
     </span>
    </p>

    <p class='ocr_par' dir='ltr' id='par_1_12' title="bbox 117 3851 1540 3972">
     <span class='ocr_line' id='line_1_29' title="bbox 117 3851 1540 3972; baseline 0.008 -40"><span class='ocrx_word' id='word_1_202' title='bbox 117 3860 173 3944; x_wconf 90' lang='lat' dir='ltr'>ei;</span> <span class='ocrx_word' id='word_1_203' title='bbox 206 3853 289 3936; x_wconf 83' lang='lat' dir='ltr'>Dd</span> <span class='ocrx_word' id='word_1_204' title='bbox 321 3862 540 3970; x_wconf 85' lang='lat' dir='ltr'>parallelum</span> <span class='ocrx_word' id='word_1_205' title='bbox 568 3869 603 3944; x_wconf 90' lang='lat' dir='ltr'>ei</span> <span class='ocrx_word' id='word_1_206' title='bbox 628 3851 921 3972; x_wconf 85' lang='lat' dir='ltr'>respondentem</span> <span class='ocrx_word' id='word_1_207' title='bbox 953 3885 1002 3942; x_wconf 80' lang='lat' dir='ltr'>ex</span> <span class='ocrx_word' id='word_1_208' title='bbox 1034 3855 1151 3940; x_wconf 76' lang='lat' dir='ltr'>alteri</span> <span class='ocrx_word' id='word_1_209' title='bbox 1179 3877 1284 3966; x_wconf 87' lang='lat' dir='ltr'>parte</span> <span class='ocrx_word' id='word_1_210' title='bbox 1313 3861 1540 3967; x_wconf 80' lang='lat' dir='ltr'>reqrratoris3</span> 
     </span>
    </p>

    <p class='ocr_par' dir='ltr' id='par_1_13' title="bbox 118 3969 1543 4087">
     <span class='ocr_line' id='line_1_30' title="bbox 118 3969 1543 4087; baseline -0.001 -33"><span class='ocrx_word' id='word_1_211' title='bbox 118 3969 301 4060; x_wconf 84' lang='lat' dir='ltr'>Liocum</span> <span class='ocrx_word' id='word_1_212' title='bbox 324 4007 440 4087; x_wconf 86' lang='lat' dir='ltr'>quern</span> <span class='ocrx_word' id='word_1_213' title='bbox 472 3980 560 4061; x_wconf 90' lang='lat' dir='ltr'>luna</span> <span class='ocrx_word' id='word_1_214' title='bbox 585 3981 703 4065; x_wconf 90' lang='lat' dir='ltr'>tribus</span> <span class='ocrx_word' id='word_1_215' title='bbox 732 4004 819 4062; x_wconf 89' lang='lat' dir='ltr'>ante</span> <span class='ocrx_word' id='word_1_216' title='bbox 850 3979 955 4061; x_wconf 81' lang='lat' dir='ltr'>noris</span> <span class='ocrx_word' id='word_1_217' title='bbox 981 3975 1220 4087; x_wconf 59' lang='lat' dir='ltr'>occupabam</span> <span class='ocrx_word' id='word_1_218' title='bbox 1249 3975 1299 4054; x_wconf 88' lang='lat' dir='ltr'><em>H</em></span> <span class='ocrx_word' id='word_1_219' title='bbox 1317 3978 1448 4059; x_wconf 89' lang='lat' dir='ltr'>locum</span> <span class='ocrx_word' id='word_1_220' title='bbox 1473 3977 1543 4055; x_wconf 87' lang='lat' dir='ltr'>tel·</span> 
     </span>
    </p>

    <p class='ocr_par' dir='ltr' id='par_1_14' title="bbox 116 4090 1543 4206">
     <span class='ocr_line' id='line_1_31' title="bbox 116 4090 1543 4206; baseline 0.008 -35"><span class='ocrx_word' id='word_1_221' title='bbox 116 4091 199 4175; x_wconf 84' lang='lat' dir='ltr'>iuris</span> <span class='ocrx_word' id='word_1_222' title='bbox 234 4104 269 4177; x_wconf 88' lang='lat' dir='ltr'>ei</span> <span class='ocrx_word' id='word_1_223' title='bbox 298 4091 659 4206; x_wconf 82' lang='lat' dir='ltr'>perpendiculariter</span> <span class='ocrx_word' id='word_1_224' title='bbox 685 4096 924 4205; x_wconf 72' lang='lat' dir='ltr'>subjeetumr</span> <span class='ocrx_word' id='word_1_225' title='bbox 968 4090 992 4172; x_wconf 78' lang='lat' dir='ltr'>l</span> <span class='ocrx_word' id='word_1_226' title='bbox 1023 4097 1151 4177; x_wconf 86' lang='lat' dir='ltr'>locum</span> <span class='ocrx_word' id='word_1_227' title='bbox 1179 4093 1269 4176; x_wconf 86' lang='lat' dir='ltr'>huic</span> <span class='ocrx_word' id='word_1_228' title='bbox 1299 4096 1543 4206; x_wconf 72' lang='lat' dir='ltr'>oppofitumi</span> 
     </span>
    </p>

    <p class='ocr_par' dir='ltr' id='par_1_15' title="bbox 118 4207 1541 4328">
     <span class='ocr_line' id='line_1_32' title="bbox 118 4207 1541 4328; baseline -0.001 -38"><span class='ocrx_word' id='word_1_229' title='bbox 118 4207 155 4286; x_wconf 85' lang='lat' dir='ltr'><em>K</em></span> <span class='ocrx_word' id='word_1_230' title='bbox 172 4271 182 4308; x_wconf 95' lang='lat'>,</span> <span class='ocrx_word' id='word_1_231' title='bbox 215 4211 239 4290; x_wconf 82' lang='lat' dir='ltr'>l&lt;</span> <span class='ocrx_word' id='word_1_232' title='bbox 274 4217 361 4296; x_wconf 89' lang='lat' dir='ltr'>loca</span> <span class='ocrx_word' id='word_1_233' title='bbox 393 4211 483 4296; x_wconf 92' lang='lat' dir='ltr'>inde</span> <span class='ocrx_word' id='word_1_234' title='bbox 511 4213 689 4328; x_wconf 86' lang='lat' dir='ltr'>gradibus</span> <span class='ocrx_word' id='word_1_235' title='bbox 720 4245 773 4314; x_wconf 87' lang='lat'>90</span> <span class='ocrx_word' id='word_1_236' title='bbox 802 4210 1002 4309; x_wconf 81' lang='lat' dir='ltr'>dist&#39;anria,</span> <span class='ocrx_word' id='word_1_237' title='bbox 1035 4209 1140 4310; x_wconf 90' lang='lat' dir='ltr'>CH,</span> <span class='ocrx_word' id='word_1_238' title='bbox 1174 4209 1236 4293; x_wconf 82' lang='lat' dir='ltr'>Ch</span> <span class='ocrx_word' id='word_1_239' title='bbox 1271 4221 1386 4294; x_wconf 90' lang='lat' dir='ltr'>maris</span> <span class='ocrx_word' id='word_1_240' title='bbox 1415 4217 1541 4292; x_wconf 83' lang='lat' dir='ltr'>altitu·</span> 
     </span>
    </p>

    <p class='ocr_par' dir='ltr' id='par_1_16' title="bbox 116 4325 1553 4428">
     <span class='ocr_line' id='line_1_33' title="bbox 116 4325 1553 4428; baseline 0.001 -20"><span class='ocrx_word' id='word_1_241' title='bbox 116 4325 221 4413; x_wconf 86' lang='lat' dir='ltr'>dines</span> <span class='ocrx_word' id='word_1_242' title='bbox 254 4339 439 4414; x_wconf 86' lang='lat' dir='ltr'>maximas</span> <span class='ocrx_word' id='word_1_243' title='bbox 467 4334 695 4420; x_wconf 86' lang='lat' dir='ltr'>mensuratas</span> <span class='ocrx_word' id='word_1_244' title='bbox 733 4337 755 4417; x_wconf 73' lang='lat' dir='ltr'>l</span> <span class='ocrx_word' id='word_1_245' title='bbox 786 4356 922 4416; x_wconf 90' lang='lat' dir='ltr'>centro</span> <span class='ocrx_word' id='word_1_246' title='bbox 949 4335 1118 4421; x_wconf 85' lang='lat' dir='ltr'>telluris;</span> <span class='ocrx_word' id='word_1_247' title='bbox 1158 4343 1200 4415; x_wconf 78' lang='grc' dir='ltr'>δι</span> <span class='ocrx_word' id='word_1_248' title='bbox 1234 4329 1333 4428; x_wconf 74' lang='lat' dir='ltr'>eit,</span> <span class='ocrx_word' id='word_1_249' title='bbox 1366 4327 1400 4408; x_wconf 89' lang='lat' dir='ltr'><em>C</em></span> <span class='ocrx_word' id='word_1_250' title='bbox 1409 4327 1436 4405; x_wconf 81' lang='lat' dir='ltr'>le</span> <span class='ocrx_word' id='word_1_251' title='bbox 1460 4329 1553 4409; x_wconf 72' lang='lat' dir='ltr'>alti·</span> 
     </span>
    </p>

    <p class='ocr_par' dir='ltr' id='par_1_17' title="bbox 116 4441 1541 4558">
     <span class='ocr_line' id='line_1_34' title="bbox 116 4441 1541 4558; baseline -0.001 -30"><span class='ocrx_word' id='word_1_252' title='bbox 116 4445 265 4532; x_wconf 86' lang='lat' dir='ltr'>rudines</span> <span class='ocrx_word' id='word_1_253' title='bbox 307 4460 513 4535; x_wconf 88' lang='lat' dir='ltr'>minimas:</span> <span class='ocrx_word' id='word_1_254' title='bbox 562 4469 602 4538; x_wconf 67' lang='grc' dir='ltr'>δι</span> <span class='ocrx_word' id='word_1_255' title='bbox 633 4457 659 4536; x_wconf 88' lang='lat' dir='ltr'>sr</span> <span class='ocrx_word' id='word_1_256' title='bbox 693 4453 825 4538; x_wconf 86' lang='lat' dir='ltr'>axibus</span> <span class='ocrx_word' id='word_1_257' title='bbox 864 4441 968 4546; x_wconf 80' lang='lat' dir='ltr'>Hi,</span> <span class='ocrx_word' id='word_1_258' title='bbox 1001 4444 1039 4528; x_wconf 89' lang='lat' dir='ltr'><em>K</em></span> <span class='ocrx_word' id='word_1_259' title='bbox 1049 4447 1073 4527; x_wconf 81' lang='lat' dir='ltr'>i</span> <span class='ocrx_word' id='word_1_260' title='bbox 1114 4443 1345 4532; x_wconf 72' lang='lat' dir='ltr'>descrissatur</span> <span class='ocrx_word' id='word_1_261' title='bbox 1384 4447 1541 4558; x_wconf 78' lang='lat' dir='ltr'>ellipsis,</span> 
     </span>
    </p>

    <p class='ocr_par' dir='ltr' id='par_1_18' title="bbox 117 4561 1550 4684">
     <span class='ocr_line' id='line_1_35' title="bbox 117 4561 1550 4684; baseline -0.001 -39"><span class='ocrx_word' id='word_1_262' title='bbox 117 4562 257 4651; x_wconf 89' lang='lat' dir='ltr'>deinde</span> <span class='ocrx_word' id='word_1_263' title='bbox 298 4569 471 4684; x_wconf 91' lang='lat' dir='ltr'>ellipseos</span> <span class='ocrx_word' id='word_1_264' title='bbox 511 4573 621 4677; x_wconf 82' lang='lat' dir='ltr'>hujus</span> <span class='ocrx_word' id='word_1_265' title='bbox 663 4575 904 4656; x_wconf 83' lang='lat' dir='ltr'>revolutione</span> <span class='ocrx_word' id='word_1_266' title='bbox 946 4574 1049 4652; x_wconf 86' lang='lat' dir='ltr'>circa</span> <span class='ocrx_word' id='word_1_267' title='bbox 1086 4591 1198 4652; x_wconf 78' lang='lat' dir='ltr'>arem</span> <span class='ocrx_word' id='word_1_268' title='bbox 1237 4572 1423 4669; x_wconf 75' lang='lat' dir='ltr'>majorem</span> <span class='ocrx_word' id='word_1_269' title='bbox 1462 4565 1510 4645; x_wconf 89' lang='lat' dir='ltr'><em>H</em></span> <span class='ocrx_word' id='word_1_270' title='bbox 1519 4561 1550 4643; x_wconf 71' lang='lat' dir='ltr'>lt</span> 
     </span>
    </p>

    <p class='ocr_par' dir='ltr' id='par_1_19' title="bbox 114 4679 1549 4912">
     <span class='ocr_line' id='line_1_36' title="bbox 114 4679 1549 4886; baseline -0.001 -117"><span class='ocrx_word' id='word_1_271' title='bbox 114 4679 344 4886; x_wconf 47' lang='lat' dir='ltr'>descqbatur</span> <span class='ocrx_word' id='word_1_272' title='bbox 372 4691 548 4801; x_wconf 80' lang='lat' dir='ltr'>sphaerois</span> <span class='ocrx_word' id='word_1_273' title='bbox 580 4689 670 4773; x_wconf 83' lang='grc' dir='ltr'>ΗΡ</span> <span class='ocrx_word' id='word_1_274' title='bbox 690 4690 729 4774; x_wconf 89' lang='lat' dir='ltr'><em>K</em></span> <span class='ocrx_word' id='word_1_275' title='bbox 744 4685 882 4807; x_wconf 82' lang='lat' dir='ltr'>lrplr3-</span> <span class='ocrx_word' id='word_1_276' title='bbox 913 4683 1127 4798; x_wconf 79' lang='lat' dir='ltr'>designabit</span> <span class='ocrx_word' id='word_1_277' title='bbox 1162 4689 1245 4774; x_wconf 72' lang='lat' dir='ltr'>lr&#39;aeo</span> <span class='ocrx_word' id='word_1_278' title='bbox 1276 4689 1440 4800; x_wconf 76' lang='lat' dir='ltr'>figuram</span> <span class='ocrx_word' id='word_1_279' title='bbox 1464 4717 1549 4770; x_wconf 73' lang='lat' dir='ltr'>ma«</span> 
     </span>
     <span class='ocr_line' id='line_1_37' title="bbox 201 4807 1546 4912; baseline -0.005 -24"><span class='ocrx_word' id='word_1_280' title='bbox 201 4833 307 4900; x_wconf 67' lang='lat' dir='ltr'>rm.</span> <span class='ocrx_word' id='word_1_281' title='bbox 368 4807 477 4893; x_wconf 85' lang='lat' dir='ltr'>rii.</span> <span class='ocrx_word' id='word_1_282' title='bbox 804 4897 807 4904; x_wconf 87' lang='lat'><em>.</em></span> <span class='ocrx_word' id='word_1_283' title='bbox 1003 4809 1044 4896; x_wconf 79' lang='lat' dir='ltr'>R</span> <span class='ocrx_word' id='word_1_284' title='bbox 1389 4899 1397 4912; x_wconf 23' lang='lat' dir='ltr'>x</span> <span class='ocrx_word' id='word_1_285' title='bbox 1496 4807 1546 4884; x_wconf 88' lang='lat' dir='ltr'>ris</span> 
     </span>
    </p>
   </div>
   <div class='ocr_carea' id='block_1_6' title="bbox 0 0 2234 5668">
    <p class='ocr_par' dir='ltr' id='par_1_20' title="bbox 0 0 2234 5668">
     <span class='ocr_line' id='line_1_38' title="bbox 0 0 2234 5668; baseline 0 0"><span class='ocrx_word' id='word_1_286' title='bbox 0 0 2234 5668; x_wconf 95' lang='lat' dir='ltr'> </span> 
     </span>
    </p>
   </div>
  </div>
 </body>
</html>
