4380 5678
641 473 720 582 328
921 463 1218 547 Iuoursrrro
1258 457 1478 538 Partica
1522 479 1575 538 rr
1613 479 1811 542 cantare

645 594 732 688 linui
752 593 868 692 anguli
895 590 1027 692 6⁰,33'
1041 643 1060 678 ,.
1086 591 1204 687 quiin
1229 611 1362 688 tempus
1385 587 1566 664 conversor
1590 589 1649 663 dat
1676 591 1776 696 261„
1805 589 1850 667 In
1875 595 1986 696 prima
2009 599 2072 702 igi.

644 720 701 770 tur
735 693 938 792 quadratura
970 694 1113 766 totidem
1137 694 1277 764 nunutit
1313 707 1389 766 ante
1410 683 1601 764 'transitum
1630 691 1740 766 Lunae
1764 717 1825 792 pet
1845 693 2069 778 ‘meridianum
2136 745 2137 752 r

613 849 615 854 ·
639 821 732 894 aqua
762 795 909 880 maxime
934 796 999 869 erit
1020 793 1178 880 elevata,
1210 796 1248 864 in
1271 792 1393 864 ultima
1416 791 1500 864 verd
1527 793 1733 890 quadramth
1755 819 1808 870 tot
1832 797 1974 874 minutia
2001 803 2070 902 post
2136 851 2137 860 ,

644 893 828 972 transnum.
881 895 1099 983 Contrarium
1131 895 1248 968 evenit
1275 885 1302 965 sr
1327 893 1383 968 vel
1408 889 1509 966 Luna
1537 891 1597 968 l'ub
1628 891 1738 970 Terra
1774 898 1820 971 ad
1847 905 2068 980 meridianum

639 991 1871 1178 auh,tibhs⁰lll⁰llvt¹h¹ftmlt¹zitaar
1890 1001 2067 1179 {mlh

634 1122 849 1296 vlistatelbbus
882 1195 1025 1271 definire
1040 1241 1051 1286 ,
1065 1151 1075 1180 ’
1088 1218 1255 1292 quantum
1283 1119 1553 1292 maximapaquqae
1582 1197 1732 1273 elevatio
1757 1127 1932 1276 mollium
1961 1129 2065 1280 mg
2136 1233 2137 1236 ,

591 1351 600 1370 r
633 1321 696 1401 per
720 1303 946 1374 meridianum
970 1300 1026 1371 vel
1057 1299 1244 1396 praecedere
1273 1299 1328 1371 vel
1355 1295 1449 1393 sequi
1470 1297 1616 1386 debean
1649 1297 1837 1393 eujusmodi
1859 1303 2067 1404 supputatio-

633 1423 694 1473 nea
719 1405 902 1474 maximam
933 1401 1036 1474 etiam
1060 1395 1202 1473 afferent
1222 1399 1420 1484 utilitatem,
1455 1399 1594 1494 quando
1615 1399 1719 1514 §tm
1746 1403 1994 1504 inertiaeque
2013 1431 2068 1492 ran¹
2136 1513 2137 1516 Ἴ

635 1505 686 1576 tio
711 1505 898 1578 habebitur.

685 1627 717 1722 §.
748 1629 810 1725 67.
863 1624 1042 1715 Quoniam
1077 1625 1183 1722 igitur
1218 1623 1293 1698 satit
1320 1617 1368 1698 ell
1403 1615 1616 1798 exffiirtuml,
1650 1644 1722 1796 qest&
1761 1627 2061 1802 mnotrcrleffilliare‘

1528 1751 1554 1799 tt
1601 1751 1681 1799 ere
1717 1751 1763 1798 on
1863 1755 1882 1806 e
1961 1755 2059 1826 eag-

635 1717 640 1726 a

626 1727 780 1798 maxime
801 1723 841 1800 stt
861 1727 1050 1814 elevatum,
1076 1728 1259 1799 maximam
1284 1749 1404 1822 quoqu

630 1819 837 1920 grediamur.
888 1827 946 1902 Ac
965 1828 1077 1925 primb
1100 1829 1241 1925 quidem
1264 1826 1389 1899 manile
1500 1825 1572 1910 est,
1622 1824 1728 1898 1sola
1750 1825 1851 1900 Luna
1874 1827 1973 1904 Mare
1993 1833 2060 1928 agi-s

627 1947 738 2014 taret,
765 1953 839 2002 tom
858 1931 944 2002 mini
1054 1951 1149 2024 aquae
1176 1929 1390 2004 altitudinem
1411 1925 1626 2000 observatum
1649 1928 1722 2013 iri,
1747 1948 1790 2001 eo
1812 1927 1886 2026 ipso
1906 1953 2058 2004 momen·

628 2046 693 2117 to,
719 2053 789 2125 quo
816 2029 918 2104 Luna
943 1941 1181 2134 *rizonte
1205 2028 1376 2106 versetur:
1403 2051 1506 2125 atque
1535 2029 1615 2100 hinc
1641 2026 1855 2126 perspicuum
1881 2027 1947 2119 est,
1970 2033 2056 2104 idem

593 2133 596 2144 '
623 2124 822 2205 usuvenire
845 2132 993 2218 debere,
1026 2127 1052 2202 sr
1073 2130 1134 2205 Sol
1152 2132 1275 2205 eodem
1297 2140 1473 2202 momento
1498 2151 1638 2226 quoque
1663 2130 1701 2200 in
1725 2129 1905 2204 horizonte
1922 2128 2053 2222 existat,

536 2259 538 2264 ·
620 2225 661 2300 id
679 2235 776 2326 quod
796 2235 918 2305 accidit
937 2234 1018 2304 clam
1038 2232 1224 2304 noviluniis
1239 2231 1315 2302 tltm
1334 2230 1538 2330 pleniluniis.
1590 2227 1753 2304 Praeterea
1769 2233 1855 2303 verd
1874 2233 1977 2306 etiam
1992 2234 2052 2308 ima

618 2353 708 2424 aqua
729 2331 945 2428 respondebit
966 2327 1048 2407 'htui
1078 2333 1188 2404 Lunre
1209 2333 1246 2404 in
1275 2333 1482 2419 horizonte,
1515 2326 1540 2400 st
1566 2351 1608 2401 eo
1637 2352 1792 2425 tempore
1816 2329 1877 2404 Sol
1902 2335 2052 2408 meridia.

620 2451 707 2502 num
723 2456 889 2528 occupet,
927 2435 1008 2527 quia
1025 2453 1101 2504 tum
1122 2433 1176 2504 vit
1201 2431 1291 2504 Solia
1318 2455 1378 2528 per
1399 2429 1545 2504 notabile
1573 2430 1737 2530 temporis
1759 2431 1976 2506 intervallum
1995 2445 2051 2518 tre-j

619 2552 688 2624 que
709 2555 853 2626 augetur
879 2557 942 2604 nec
965 2533 1189 2620 diminuitur,
1221 2528 1349 2604 etiamst
1373 2553 1448 2604 eum
1465 2555 1554 2628 aqua
1577 2555 1647 2603 noo
1676 2553 1806 2606 tantun
1825 2534 2051 2630 deprimatur}

615 2629 725 2722 quim
751 2635 838 2705 circa
866 2633 1042 2706 novilunia
1062 2659 1102 2706 ac
1127 2623 1323 2730 plenilunia
1376 2630 1546 2706 Ponamua
1567 2631 1700 2728 igitur,
1730 2633 1802 2728 qud
1825 2633 1974 2730 reliquos
1996 2661 2049 2708 ca·
2136 2667 2137 2670 ¹

615 2727 671 2802 sua
688 2732 908 2816 evolvamus,
933 2735 1019 2808 dum
1038 2733 1140 2814 Luna
1166 2733 1384 2806 horizontem
1403 2756 1568 2831 occupat,
1604 2732 1719 2805 Solem
1738 2735 1781 2805 ab
1802 2735 1983 2810 horizonte
2000 2763 2046 2812 re·

613 2834 775 2921 moveri3
814 2836 988 2932 hocergo
1017 2833 1094 2910 casu
1123 2861 1142 2908 a
1232 2835 1300 2928 jam
1323 2834 1530 2918 elevabitur,
1563 2857 1607 2908 ex
1624 2851 1693 2929 quo
1720 2827 1847 2908 necesse
1875 2831 1924 2910 est
1949 2837 2045 2910 imaro
2101 2823 2108 2846 ⁶

555 2968 559 2976 ·
617 2953 741 3030 aquam
771 2957 848 3010 ante
882 2939 1069 3012 adventum
1103 2934 1136 3008 L
1248 2937 1292 3007 ad
1315 2935 1532 3008 horizontem
1564 2927 1739 3022 extitiffe,
1775 2935 1893 3008 contra
1919 2935 2044 3010 verdsr
2160 2949 2161 2974 ¹

610 3031 697 3104 dum
725 3033 825 3107 Luna
848 3038 883 3106 in
902 3037 1082 3107 horizonte
1105 3033 1265 3116 versatur,
1291 3034 1352 3107 Sol
1371 3037 1414 3107 ad
1437 3036 1655 3107 horizontem
1674 3037 1939 3133 appropinquet,
1962 3062 2041 3134 aqua

547 3175 551 3184 ·
611 3133 743 3206 tardilu
769 3133 893 3208 scilicet
918 3133 991 3234 post
1008 3133 1186 3234 appulsum
1207 3133 1316 3208 Lu'nae
1336 3134 1381 3208 ed
1402 3136 1619 3207 horizontem
1640 3136 1824 3230 continget.
1876 3133 2041 3212 Ponatuut

607 3229 727 3329 itaque
764 3236 899 3310 Lunam
931 3260 1008 3310 ante
1040 3257 1156 3308 ortum
1180 3233 1242 3328 sub
1263 3235 1446 3308 horizonte
1468 3236 1515 3306 H
1522 3235 1545 3306 h
1567 3233 1604 3306 in
1624 3235 1783 3320 aadhm
1810 3233 1955 3322 versari,
1980 3239 2041 3316 So·
2159 3299 2160 3314 ,

607 3341 748 3442 lemque
767 3346 804 3418 in
827 3346 875 3443 Θ
897 3341 963 3420 ell'e
987 3340 1155 3443 posttum,
1191 3345 1283 3420 unde
1307 3348 1353 3420 ad
1384 3345 1609 3420 meridianum
1633 3345 1710 3416 ΡΖ
1718 3345 1765 3412 Η
1788 3349 2038 3444 ρτοειεάἰιωη

540 3488 541 3491 “
606 3454 744 3552 hocque
772 3456 847 3554 ipso
884 3479 1058 3530 momento
1089 3479 1212 3553 aquam
1243 3453 1392 3532 maxime
1417 3449 1483 3528 else
1515 3449 1709 3552 deprell'am.
1769 3449 1911 3529 Necelle
1935 3457 2037 3554 igitur

605 3551 678 3642 est,
702 3579 742 3630 ut
764 3559 1016 3632 decrementum
1047 3570 1322 3630 momentaneum
1347 3558 1401 3628 vis
1423 3555 1533 3629 Lunae
1560 3557 1604 3628 ad
1631 3553 1730 3628 Mare
1758 3557 1971 3631 movendum
1996 3587 2036 3634 z-

603 3657 705 3750 quale
728 3652 768 3728 fit
796 3659 1003 3733 incremento
1027 3681 1266 3732 momentaneo
1285 3660 1339 3732 vit
1366 3656 1466 3731 Solis.
1506 3655 1590 3730 'Ad
1616 3659 1704 3730 hanc
1733 3657 1960 3753 equalitatem
1979 3664 2037 3736 tle·

598 3753 791 3832 clarandam
817 3755 855 3832 stt
880 3763 995 3857 anguli
1016 3773 1045 3850 ἶ)
1068 3762 1140 3833 ΡΟ
1165 3761 1208 3832 ad
1232 3759 1351 3856 polum
1368 3757 1492 3848 sumti,
1516 3755 1707 3832 distantiam
1729 3757 1840 3832 Lunae
1857 3757 1880 3832 a
1900 3759 1960 3834 suo
1982 3787 2032 3836 ot-

598 3871 641 3928 tu
666 3861 696 3930 O
720 3861 932 3945 indicantis,
971 3857 1060 3937 smus
1080 3887 1117 3939 z
1134 3861 1173 3933 V
1194 3863 1235 3934 δι
1266 3857 1396 3934 cosmut
1416 3885 1453 3938 .·:
1474 3885 1524 3948 v,
1564 3859 1625 3956 qui
1655 3860 1701 3930 ob
1729 3857 1894 3956 angulum
1919 3865 2035 3952 1)Ρο

599 3961 699 4034 valde
732 3986 876 4058 parvum
905 3962 980 4033 rutd
1011 3959 1096 4034 stnui
1122 3963 1188 4034 toti
1217 3987 1232 4036 ι
1266 3963 1401 4059 aqualis
1425 3961 1568 4058 concipi,
1592 3955 1710 4058 potest.
1772 3957 1924 4038 Invento
1948 3989 2028 4066 ergo

593 4075 726 4173 angulo
746 4077 814 4162 hoc
839 4074 869 4169 1)
896 4073 967 4144 FO
999 4071 1056 4147 seu
1086 4097 1166 4148 arcu
1191 4074 1369 4172 aquatoris
1400 4075 1450 4148 illi
1470 4069 1719 4168 respondente,
1753 4097 1866 4172 eoque
1885 4079 1923 4150 in
1942 4103 2027 4156 tem·

594 4209 662 4359 {ut
683 4186 870 4268 converso,
904 4180 1065 4260 constabit
1093 4208 1220 4281 quanto
1249 4187 1412 4285 temporis
1445 4181 1623 4257 intervallo
1653 4184 1721 4256 ima
1742 4208 1831 4281 aqua
1858 4188 2030 4288 appulsum

632 4311 708 4361 unae
731 4290 775 4362 ad
804 4286 1018 4362 horizontem
1045 4289 1231 4378 pracedat:
1268 4291 1360 4361 idem
1380 4286 1465 4362 verd
1490 4283 1634 4358 calculus
1661 4307 1730 4356 tam
1760 4291 1804 4362 ad
1835 4290 1947 4364 Lnnae
1975 4317 2028 4364 oc·
2156 4301 2157 4332 l

594 4387 706 4563 {asum
736 4391 842 4487 quim
874 4389 918 4464 ad
948 4385 1165 4467 accelltonem
1197 4387 1286 4464 Solis
1310 4391 1353 4463 ad
1384 4388 1602 4464 horizontem
1625 4383 1723 4468 Facile
1755 4394 2027 4474 accommodabir

622 4508 698 4562 rtur.
1687 4528 1691 4538 ·

588 4615 596 4649 ⁹
640 4627 673 4720 S·
703 4627 764 4705 63.
816 4623 935 4702 Politia
957 4651 1047 4704 nunc
1070 4629 1155 4710 Αν
1168 4653 1191 4700 a
1216 4649 1386 4723 arquatore
1409 4650 1448 4701 ac
1472 4647 1515 4694 aa
1529 4643 1569 4710 γ
1583 4633 1619 4700 sl
1641 4623 1820 4726 eclsptica,
1853 4627 1895 4702 lit
1914 4627 2026 4706 eleni
2155 4671 2156 4736 ᾖ

583 4716 686 4806 limis
706 4723 778 4832 poll
802 4728 867 4822 Bk
887 4725 1085 4822 unna-r,
1111 4725 1243 4830 colinus
1267 4749 1304 4810 :1
1319 4751 1372 4838 p3
1395 4721 1486 4814 finus
1509 4718 1742 4816 declinatidltit
1765 4729 1877 4818 Luna
1895 4737 2026 4912 boreali·t
