4380 5678
389 472 614 555 Faunus
662 491 729 553 sc
779 471 1087 556 Rasstrxus·
1129 465 1364 560 lllrstss·
1496 514 1581 597 293·

133 595 381 698 perturbetur,
405 601 573 698 producit.
628 595 683 674 Ita
700 601 755 674 uis
782 600 893 683 Solis,
928 596 989 676 etst
1018 596 1064 672 est
1083 605 1256 694 maxima,
1294 629 1408 680 tanen
1433 611 1479 684 ob
1500 607 1585 683 insi.
1676 675 1685 695 .

127 697 451 798 gnemdillantianr
475 725 584 800 partes
607 698 725 776 Terrae
746 701 817 776 sere
840 703 1011 800 aequalirer
1037 701 1158 792 afficit,
1184 707 1300 782 contris
1324 709 1408 782 vetd
1429 712 1482 783 vis
1501 711 1588 790 Lu«.

133 825 189 875 nae
210 802 256 874 ob
269 805 563 901 propinquitatem
577 803 764 876 admodum
785 805 1014 900 inaequaliter:
1049 805 1140 877 unde
1162 803 1183 876 it
1208 806 1308 882 Luna
1329 810 1439 882 multd
1460 814 1571 904 major
1646 807 1653 844 s

103 975 107 984 ,
130 903 276 1000 agitatio
300 905 433 978 Oceani
461 895 596 978 resultat
607 954 619 994 ,
640 903 749 1002 quim
773 903 794 977 ὲ
819 906 926 992 Sole,
951 905 1107 1001 quamvis
1129 929 1169 977 ea
1191 909 1265 990 vis,
1291 933 1368 1006 quae
1391 913 1435 984 ad
1458 913 1574 987 Solem

133 1001 468 1101 tendit,ins1gniter
494 1006 603 1099 major
627 1001 668 1078 stt
690 1005 793 1082 alterd
817 1007 953 1078 Lunam
976 1004 1188 1104 respiciente.¹
1235 1007 1357 1106 Atque
1381 1013 1447 1084 hoc
1465 1014 1567 1109 padlo

129 1106 282 1178 dubium
311 1105 389 1178 ame
418 1106 556 1179 atratum
582 1106 736 1184 nostru
765 1107 920 1195 tonsor,
956 1087 1092 1210 locque
1121 1098 1233 1182 nnuc
1265 1111 1398 1207 pransus
1426 1107 1507 1199 fiet,
1541 1109 1568 1188 fi
1694 1175 1697 1182 ,

127 1205 311 1304 utriusque
340 1209 392 1280 vis
413 1204 554 1280 effeetus
578 1210 622 1284 ad
644 1208 808 1281 calcerlmn
825 1207 1069 1281 revocabimus.
1504 1199 1510 1218 ⁷

188 1309 220 1402 §·
250 1318 308 1386 18·
359 1306 424 1386 Ad
445 1309 705 1404 inequalitatem
723 1310 831 1404 igitur
852 1309 979 1381 virium
1001 1308 1124 1403 quibus
1147 1303 1285 1406 singule
1312 1309 1428 1388 Terra
1453 1337 1567 1412 partes

85 1473 93 1480 .
131 1407 241 1482 velis
272 1409 352 1482 Sole
375 1423 419 1480 ν’
464 1409 474 1432 “
514 1408 615 1482 Luna
641 1407 885 1497 sollicitantur,
917 1403 1177 1496 definiendam,
1216 1433 1294 1484 ante
1330 1418 1445 1488 omnis
1474 1418 1569 1505 vim,

133 1509 207 1605 qus
237 1509 393 1585 universo
460 1533 532 1583 erra
544 1561 556 1599 ,
591 1504 616 1581 st
639 1511 675 1582 in
698 1508 758 1582 suo
786 1519 903 1584 centro
924 1511 1099 1607 gravitatis
1125 1505 1206 1582 esset
1228 1535 1471 1604 concentum,
1494 1507 1595 1590 afli-²

133 1631 294 1699 teretur,
319 1612 536 1684 determinari
559 1633 722 1708 oportet,
753 1613 895 1706 hacque
918 1606 966 1686 est
987 1637 1027 1686 ea
1052 1610 1123 1708 ipsa
1141 1613 1219 1697 vis,
1258 1635 1335 1708 quae
1356 1604 1475 1688 Tersas
1494 1641 1569 1689 rno-

129 1731 211 1784 rum
234 1709 478 1808 progressuum
505 1713 543 1783 in
568 1711 626 1784 sua
645 1713 754 1784 orbita
777 1713 912 1809 respicit
933 1715 973 1786 dt
996 1713 1132 1798 turbat3
1170 1713 1295 1786 deinde
1320 1713 1567 1814 dispiciendum

130 1807 183 1884 est
194 1861 206 1901 ,
233 1813 401 1908 quantum
425 1813 515 1886 vires
527 1864 539 1902 ,
565 1814 688 1908 quibus
713 1809 851 1910 singulae
878 1810 995 1887 Tertae
1020 1834 1129 1909 partes
1148 1827 1343 1920 urgentur,
1367 1817 1440 1893 tdm
1464 1821 1568 1892 ratio-

132 1937 179 1987 ne
202 1915 398 2010 quantitatis
421 1913 528 2010 quim
560 1911 759 1987 direslionis
784 1915 827 1987 ab
858 1913 917 1986 ills
944 1915 982 1988 'vi
1005 1913 1101 1986 totali
1131 1912 1328 2011 discrepent.
1398 1915 1511 2006 Qudd
1538 1915 1592 1990 fi·

128 2013 230 2088 enim
252 2015 344 2086 nulla
363 2013 634 2112 deprehendatur
656 2011 867 2106 differentia,
894 2035 1005 2114 partes
1024 2035 1164 2110 quoque
1182 2008 1319 2110 singula
1342 2013 1443 2090 situm
1468 2017 1568 2091 suum

130 2114 315 2190 relativum
344 2117 434 2188 inter
466 2114 500 2189 se
529 2116 750 2203 retinebunt3
783 2139 819 2190 at
840 2115 915 2212 qud
949 2115 1057 2209 major
1080 2117 1144 2190 erit
1170 2109 1362 2190 differentia
1397 2119 1485 2192 inter
1512 2122 1567 2191 vi-

129 2239 187 2288 res
214 2215 287 2290 illas
314 2211 460 2314 fin'gulas
494 2239 604 2314 partes
633 2215 871 2304 sollicitantes,
890 2215 948 2292 .εὸ
973 2217 1081 2312 magis
1110 2237 1159 2289 eae
1184 2215 1273 2288 inter
1306 2217 1339 2289 se
1363 2241 1563 2294 commove-

123 2317 288 2406 buntur,
326 2313 427 2390 fitutit
455 2317 636 2390 relativum
666 2321 914 2414 permutabunt.
973 2313 1018 2388 In
1044 2318 1107 2388 hac
1138 2337 1252 2389 autem
1275 2315 1565 2414 investigatione,

129 2414 232 2496 simul
262 2414 437 2514 gravitatis
574 2419 657 2505 alis,
689 2417 760 2514 qud
782 2418 898 2490 omnis
930 2419 1072 2514 corpora
1105 2415 1224 2488 versus
1259 2439 1415 2490 cenrrtun
1447 2416 1567 2494 Tettae

126 2519 300 2609 tendunt,
334 2521 424 2592 ratio
446 2513 499 2590 est
548 2520 699 2606 abenda;
731 2521 804 2592 hec
830 2520 922 2592 enirn
953 2519 1068 2590 visin
1098 2510 1291 2603 causaest,
1329 2517 1427 2614 qudd
1454 2542 1565 2614 quan-

129 2620 263 2694 tumvis
286 2619 377 2693 vires
401 2619 491 2693 Solis
519 2622 560 2694 dc
592 2620 702 2696 Lunae
721 2620 760 2692 in
788 2614 929 2696 diversis
952 2617 1071 2694 Tertae
1094 2617 1291 2714 regionibus
1317 2613 1383 2690 stnt
1414 2619 1566 2716 inequa-

127 2721 214 2809 les,
236 2721 424 2816 =aequilibrii
445 2744 559 2796 moen
581 2717 683 2794 status
706 2723 827 2803 dentr,
867 2724 905 2794 in
926 2743 996 2818 quo
1020 2741 1130 2818 partes
1157 2721 1295 2792 undem
1321 2715 1459 2816 singule
1485 2745 1566 2796 con·

129 2819 331 2920 quiescant,
357 2847 478 2920 neque
518 2822 683 2923 perpetud
713 2823 803 2896 inter
835 2821 868 2898 se
896 2824 1016 2919 agitari
1044 2841 1194 2916 pergant.
1259 2816 1381 2918 Atque
1405 2823 1492 2892 hanc
1520 2822 1567 2894 ob

128 2947 209 2996 rem
242 2919 382 3020 finguh
408 2923 525 2998 Terrae
553 2947 664 3024 partes
691 2923 713 2996 it
746 2925 853 2998 tribus
879 2925 1007 2998 viribus
1029 2921 1211 2993 sollicitatae
1237 2915 1436 2993 considerari
1458 2921 1565 2996 debe-

127 3026 244 3112 bunt,
274 3025 395 3122 ,prims
430 3025 607 3100 scilicetis
639 3025 778 3122 propria
807 3026 1007 3124 gravitate,
1052 3021 1122 3118 qud
1155 3017 1284 3096 ducos
1317 3019 1476 3093 deorsum
1511 3024 1564 3094 ni·

124 3147 275 3213 tunrut3
307 3126 384 3199 tum
413 3129 497 3201 vero
521 3127 620 3215 avi,
657 3128 726 3224 qud
753 3129 797 3200 ad
825 3127 942 3202 Solem
968 3147 1156 3221 urgentur,
1190 3147 1231 3195 ac
1250 3121 1353 3195 tertid
1383 3120 1462 3194 dvi
1486 3143 1565 3194 ver·

126 3229 191 3300 sits
222 3225 360 3300 Lunam
391 3227 522 3304 disesia
533 3252 547 3318 3
584 3230 709 3324 haeque
731 3251 799 3300 tres
826 3231 938 3312 vires,
972 3223 1159 3322 cujufinodi
1186 3223 1412 3298 Phaenoruena
1437 3223 1564 3323 quovis

122 3331 348 3430 temporeis
366 3332 518 3430 partibus
542 3325 661 3407 Teste
684 3321 800 3414 fluidis
822 3331 991 3466 gignant,
1015 3329 1081 3408 erit
1101 3319 1388 3426 investigandum.
1521 3349 1527 3356 “
