4380 5678
381 519 606 598 Ftuxut
657 505 1078 617 tc'thtuxut
1121 503 1313 587 Matri:
1369 529 1371 534 ·
1479 487 1591 620 bots

122 666 276 742 tempore
301 637 420 718 Terrae
443 646 618 743 periodioo
640 668 720 722 tum
745 637 899 720 distantia
921 634 1113 732 eiusdemi
1147 637 1227 711 Sole
1252 657 1445 736 comparato
1471 662 1566 722 tanta
1593 687 1597 701 ι

124 747 319 843 colligitur,
343 771 384 818 ut
403 771 547 846 corpus,
573 745 666 840 cujus
693 741 849 820 distantia
876 741 896 816 ὲ
923 762 1037 818 centro
1065 737 1154 812 Solis
1175 739 1311 832 aequalit
1339 737 1386 814 est
1408 739 1563 832 seminia-3

123 869 234 921 metro
262 845 402 932 Terrae,
428 849 470 918 ed
494 847 688 920 sollicitetur
707 849 764 930 xi,
804 871 880 946 quae
901 836 941 914 fit
962 859 1119 939 227512
1142 840 1276 913 vicibus
1300 840 1407 934 major
1419 892 1431 932 ,
1456 845 1563 938 quam

124 947 172 1021 eil
198 949 347 1044 gravitas
371 947 528 1020 naturalis
553 950 588 1020 in
617 945 791 1044 superficie
817 949 945 1024 Tetrae.
997 937 1184 1014 Medemur
1210 964 1323 1015 tutem
1352 945 1440 1016 hanc
1456 943 1563 1042 ipsam

125 1053 201 1121 vim
218 1047 404 1122 absolutam
423 1047 582 1145 cujusque
607 1051 766 1132 vorticis,
792 1075 852 1147 per
876 1055 973 1148 vim,
1006 1065 1109 1138 quam
1132 1042 1226 1116 idem
1247 1065 1369 1118 vortex
1396 1050 1502 1122 exerit
1526 1050 1563 1125 in

126 1148 283 1224 distantia
302 1152 322 1223 ὲ
344 1149 402 1222 suo
422 1167 538 1225 centro
561 1149 810 1224 semidiametro
823 1148 943 1222 Terrae
965 1143 1107 1245 equali:
1134 1167 1177 1216 ex
1197 1167 1268 1240 quo
1283 1140 1307 1215 st
1322 1147 1374 1218 vit
1389 1151 1564 1243 gravitatis

126 1247 289 1326 terrellrit
308 1247 500 1350 designetur
527 1277 587 1350 per
614 1277 645 1325 1.
668 1253 731 1324 erit
757 1255 809 1322 vit
832 1247 980 1322 absoluta
1007 1245 1096 1326 solis
1118 1267 1148 1306 τ·-
1165 1267 1351 1343 227512,
1377 1249 1471 1346 cujus
1497 1276 1564 1325 nu-

127 1353 214 1443 meri
237 1352 312 1424 loco
333 1356 508 1426 brevitatis
537 1353 643 1446 gratia
666 1375 801 1426 utemur
824 1347 935 1422 littera
959 1351 991 1421 S.
1059 1343 1170 1428 Simili
1196 1349 1300 1418 modo
1324 1349 1398 1420 vim
1425 1353 1565 1427 vorticis

129 1431 269 1526 fflnam
291 1453 455 1548 cingentis
479 1453 662 1525 absolutam
684 1451 907 1526 indicabimus
933 1451 1048 1525 littera
1068 1453 1123 1539 L,
1157 1445 1426 1540 cujus‘vtlorem
1449 1448 1570 1530 Nera

128 1577 232 1628 tonus
258 1553 349 1628 reue
378 1555 456 1626 clim
476 1579 517 1624 ex
544 1551 616 1652 ipso
641 1552 758 1636 Fluxu
780 1579 818 1626 ac
841 1549 995 1628 Refluxu
1013 1551 1152 1642 Maris,
1186 1548 1261 1622 tltm
1290 1552 1392 1622 etiam
1411 1579 1455 1628 ex
1481 1580 1570 1652 prae*

129 1649 273 1728 cessione
288 1653 590 1752 AEquinodliorutn
604 1651 807 1730 constituisse
822 1656 957 1728 videtur
976 1655 1109 1728 circiter
1122 1665 1173 1760 ᾗ.
1238 1648 1357 1739 Quare
1383 1650 1437 1738 st,
1458 1652 1568 1754 positi

132 1759 252 1836 Terrae
278 1753 523 1836 semidiametro
548 1791 577 1828 :
609 1789 653 1850 t,
693 1767 843 1860 corporis
865 1763 1038 1858 cujusdam
1067 1764 1087 1838 'a
1113 1791 1229 1842 centro
1252 1758 1340 1832 Solis
1371 1762 1428 1836 vel
1458 1763 1568 1838 Lunae

85 1867 88 1874 '
131 1859 288 1935 distantia
313 1845 414 1938 suerit
444 1889 493 1954 rt,
525 1866 588 1938 erit
616 1865 689 1948 vis,
715 1867 785 1961 qud
808 1867 845 1940 id
868 1867 991 1964 corput'
1011 1867 1069 1940 vel
1094 1871 1138 1940 ad
1161 1869 1277 1944 Solem
1297 1859 1489 1940 sollicitatur
1511 1867 1573 1944 vel

131 1999 176 2072 ad
197 1998 356 2088 Lunam,
379 2001 435 2074 vel
459 2025 488 2064 =
510 1969 633 2116 ³{vel
654 2025 681 2066 =
700 1969 771 2118 ἑ,
805 2004 856 2077 uti
882 2029 925 2080 ex
960 2002 1076 2078 indole
1107 2005 1231 2079 horum
1261 2001 1430 2081 vorticum
1462 2025 1574 2100 prona

134 2129 375 2228 consequentia
397 2131 483 2205 fluit.
548 2133 593 2208 In
619 2139 671 2208 his
690 2129 833 2233 ¹quidem
857 2139 1043 2212 litterarum
1067 2139 1150 2210 S&
1178 2141 1210 2208 L
1234 2135 1576 2216 determinationibut
1617 2195 1624 2200 .

133 2227 343 2307 alsumstmus
373 2236 522 2307 mediam
550 2237 639 2310 Solis
674 2237 695 2310 ὲ
727 2235 835 2310 Terra
868 2237 1055 2312 distantiam
1083 2241 1215 2315 20620
1245 2241 1578 2314 semidiametrortmt

134 2331 255 2408 Tetra
268 2385 279 2423 ,
305 2360 381 2432 quae
400 2362 442 2410 ex
468 2339 625 2434 parallaxi
644 2339 848 2423 horizontali
880 2341 954 2419 10⁸¹
973 2339 1145 2438 sequitur,
1181 2337 1290 2414 Lunae
1314 2335 1437 2416 veroa
1463 2334 1579 2412 Terta

135 2433 326 2508 distantiam
356 2441 504 2511 mediant
527 2444 578 2516 60
599 2439 714 2515 semid.
734 2438 877 2528 Terrae3
903 2443 1038 2516 interim
1065 2465 1175 2515 tamen
1198 2441 1287 2514 vires
1309 2445 1354 2516 ad
1372 2438 1469 2514 Mare
1494 2461 1575 2507 mo*
1609 2486 1629 2508 .

134 2537 291 2709 qudum
315 2540 395 2612 hinc
412 2563 493 2612 ortae
508 2541 551 2612 ab
568 2543 623 2614 hit
643 2538 890 2641 hypothesibus
907 2569 980 2616 non
996 2546 1173 2642 pendent,
1199 2543 1251 2616 uti
1275 2539 1491 2642 sequentibus
1513 2562 1580 2638 pa*
1647 2601 1651 2608 .

138 2659 173 2711 te
199 2663 235 2710 tt.

192 2766 226 2858 ς.
257 2787 316 2866 15·
371 2765 548 2856 Quoniam
567 2771 672 2864 igitur
689 2765 803 2844 aestum
825 2769 930 2846 Maris
944 2795 1013 2868 'pet
1030 2773 1127 2846 binas
1147 2775 1265 2862 viret,
1303 2789 1451 2866 quarum
1470 2765 1579 2840 altera

141 2865 260 2940 Solem
280 2865 440 2964 respicit,
466 2872 569 2944 altera
592 2871 750 2960 Lunam,
787 2871 899 2944 sumus
922 2871 1248 2970 exposituri,.sacile
1275 2873 1383 2947 videri
1404 2867 1579 2967 possemuu

141 2969 286 3040 eandem
304 2971 445 3042 omnind
470 2973 730 3068 explicationem
748 2973 931 3068 suscipere,
964 2997 1066 3068 quam
1090 2971 1287 3048 New'tonut
1316 2975 1410 3044 dedit
1441 2974 1479 3042 in
1507 2967 1580 3040 suit

41 3091 44 3101 ·
142 3067 322 3166 Principiis
349 3069 597 3146 Mathematicis
630 3073 852 3172 Philosophiae
880 3073 1060 3148 Nattualis.
1126 3075 1278 3148 Primum
1309 3096 1419 3144 autem
1454 3092 1583 3140 notan-t

142 3171 229 3242 dum
256 3165 314 3256 est,
340 3173 436 3265 qudd
458 3170 481 3243 st
507 3175 702 3248 Nevtonus
727 3199 842 3247 veram
868 3173 997 3246 causam
1021 3177 1120 3268 huius
1143 3175 1360 3246 Phaenomeni
1379 3165 1584 3266 affignall'et,

144 3267 358 3366 summopere
382 3273 561 3344 absurdum
589 3291 689 3370 atque
717 3275 877 3348 absonum
900 3276 1012 3361 soret,
1047 3277 1207 3347 novitatis
1236 3272 1346 3346 fludio
1370 3273 1470 3342 aliam
1496 3293 1585 3349 cau«,

145 3371 241 3457 sam,
265 3396 340 3466 quae
363 3375 455 3446 certd
478 3369 556 3447 salsa
582 3375 695 3448 sutura
715 3372 819 3462 esset,
845 3379 1049 3473 excogitate.
1110 3375 1247 3449 Deinde
1270 3373 1356 3448 verb
1379 3373 1585 3446 Neutonuu

141 3497 191 3546 ne
213 3468 395 3568 vestigium
417 3476 558 3571 quidem
579 3477 729 3572 reliquit,
755 3501 798 3550 ex
817 3500 888 3573 quo
911 3475 1007 3549 causa
1025 3479 1145 3548 harum
1160 3479 1289 3548 virium
1311 3473 1585 3559 attraslivarum,

143 3598 231 3668 quas
252 3573 323 3648 Soli
347 3574 523 3671 Lunaeque
545 3579 684 3665 tribuit,
723 3579 838 3674 colligi
855 3573 984 3674 pollet,
1020 3579 1076 3650 sed
1098 3579 1212 3674 potiitt
1234 3580 1278 3654 de
1304 3575 1406 3648 causae
1426 3573 1477 3646 Ph
1506 3567 1586 3648 [κω

144 3677 366 3759 inventione,
392 3675 526 3772 qualem
549 3677 736 3752 Academia
757 3677 869 3776 Regia
890 3675 1095 3776 potillimum
1116 3681 1287 3775 requirit,
1322 3598 1503 3774 desperallye
1523 3675 1585 3745 vi«

142 3779 268 3859 detut;
292 3779 330 3848 id
356 3781 451 3874 quod
474 3781 544 3873 ejus
570 3777 693 3854 all'eclae
717 3781 830 3880 aperte
862 3779 1042 3866 testantur,
1076 3782 1138 3876 qui
1164 3779 1399 3866 atttadlionem
1420 3777 1588 3852 omnbut

143 3879 346 3974 corporibus
369 3881 539 3976 propriant
560 3878 650 3966 else,
678 3908 787 3979 neque
812 3883 871 3956 ulli
901 3881 1003 3961 causae
1027 3907 1173 3956 externae
1198 3883 1313 3953 deberi
1336 3875 1479 3952 firmiter
1502 3871 1590 3950 alle-⁸

141 4002 251 4060 runt,
277 4003 380 4075 atque
396 3983 492 4055 aded·
507 3983 550 4054 ad
571 3985 743 4079 qualitates
768 3986 913 4058 occultas
936 3984 1148 4081 confugiunt.
1201 3981 1364 4078 Denique
1383 3975 1590 4052 Neutonuu

141 4080 395 4156 dedudlionem
422 4085 461 4158 dt
491 4109 533 4156 ex
559 4079 737 4166 osttionem
763 4089 916 4160 omnium
949 4085 1253 4158 Pbaenomenorum
1277 4086 1322 4155 acl
1342 4079 1459 4156 allum
1475 4075 1589 4150 Mario

142 4183 501 4284 pertinentiummini
574 4187 740 4282 perfecit,
767 4187 824 4262 sed
842 4181 933 4283 quast
956 4209 1086 4258 tantum
1107 4185 1345 4266 adumbravit
1360 4182 1470 4352 lqlena
1491 4177 1592 4254 enim
1617 4215 1622 4222 ·

143 4283 332 4380 explicatio
355 4309 408 4360 tot
430 4309 566 4383 tamque
593 4289 781 4362 difficilium
809 4287 1060 4360 Problematum
1087 4286 1290 4360 solutionem
1314 4308 1359 4379 po
1388 4281 1487 4370 ulae,
1509 4299 1593 4376 qua

142 4385 187 4464 N
191 4407 350 4462 ewtonus
369 4412 438 4460 non
457 4385 504 4462 esi
522 4386 712 4486 aggressus:
740 4391 818 4464 clun
835 4393 927 4462 enim
948 4389 1047 4482 hujus
1066 4385 1258 4484 questionis
1275 4385 1435 4458 enodatio
1453 4375 1597 4479 amplis·

27 4521 29 4582 5
144 4483 255 4560 fimot
278 4487 422 4562 calculos
442 4492 613 4586 requirat,
642 4491 710 4588 ipse
730 4487 881 4590 analysm
903 4493 1013 4566 vitans
1030 4492 1190 4589 pleraque
1210 4510 1341 4560 tantum
1362 4487 1471 4560 obiter
1493 4482 1594 4554 india¹

27 4589 29 4610 ²
145 4583 241 4664 casl'e
266 4613 443 4665 contentus
467 4591 554 4674 suit;
576 4598 622 4668 ob
646 4619 750 4688 quem
771 4592 944 4668 defedlum
969 4595 1124 4691 plurimis
1146 4593 1258 4666 adbuc
1287 4589 1399 4664 dubiis
1420 4587 1507 4664 circa
1531 4585 1595 4680 ip·

27 4617 34 4765 l
143 4689 219 4766 stur
243 4692 504 4790 explicationem
525 4697 618 4768 locut
647 4693 693 4769 est
714 4693 863 4772 relidlut.
914 4693 1043 4794 Neque
1067 4697 1215 4770 enimin
1241 4695 1294 4768 his
1315 4693 1446 4766 viribus
1472 4705 1595 4763 veram

142 4789 248 4877 estut
273 4791 383 4876 Merit
413 4795 549 4880 causatu
576 4800 744 4882 cannen
765 4797 845 4880 auti
875 4823 1009 4886 cernam
1030 4794 1098 4882 effi
1127 4793 1270 4906 potest,
1302 4794 1412 4900 quam
1436 4786 1598 4966 absoqurq
