4380 5678
434 448 659 524 Faunus·
701 455 767 519 ae
816 407 1110 522 Rarnuxur
1161 433 1357 522 Mania
1422 517 1425 524 ,
1526 437 1605 532 '303

157 583 212 660 Sit
229 582 344 679 itaque
369 603 473 652 curva
493 573 609 649 adde
631 597 669 646 ea
686 567 809 667 figura,

159 709 238 782 quae
262 687 350 756 circa
373 705 471 754 axem
495 675 551 750 ab
575 696 681 746 rotata
704 695 811 768 gene·
1249 669 1275 746 s

159 809 213 860 ret
239 783 357 858 Terra
391 781 555 861 formam,
591 799 695 872 quam
722 773 743 846 a
773 773 810 844 vi
1175 773 1180 790 '

159 888 205 960 ad
228 889 255 956 S
274 883 403 958 diresli
422 883 557 954 tandem
577 877 740 974 recipiet,
762 895 812 944 at·

161 1011 232 1086 que
255 987 335 1060 clun
354 1008 451 1081 aquae
470 1003 561 1052 nunc
582 998 749 1074 ponantur
774 973 812 1044 in

139 1087 352 1186 'aequilibrio
372 1080 583 1167 constitua-25
614 1070 742 1150 necelle
765 1069 814 1148 est

163 1213 203 1262 ut
235 1187 380 1261 directio
408 1184 522 1256 media
542 1180 697 1252 omnium
722 1175 815 1248 solli-

162 1290 363 1362 citationum
372 1331 385 1366 ‚·
416 1285 539 1380 quibus
560 1277 699 1376 lingula
722 1275 815 1350 Ter·

163 1415 212 1462 rae
234 1389 403 1487 particulae
431 1387 468 1458 in
496 1381 649 1479 supremi
676 1371 816 1473 superli-

163 1494 217 1564 cie
243 1487 312 1562 srtoe
338 1507 528 1584 urgentur,
560 1483 605 1554 ad
623 1477 730 1576 ipsam
759 1473 816 1550 su-

162 1587 339 1692 perficiem
359 1585 399 1661 sit
415 1583 583 1658 normalis.
648 1577 767 1668 Quare
792 1573 817 1648 st

164 1689 364 1790 particulam
398 1707 636 1782 quamcunque
667 1681 716 1752 M
742 1676 817 1776 spe·

165 1789 326 1873 diemus5
358 1811 397 1860 ea
429 1784 579 1882 primbm
607 1781 819 1878 agravitate

164 1891 311 1988 naturali
333 1891 370 1960 in
396 1883 586 1960 dirediione
610 1885 699 1954 MC
720 1903 821 1978 urge-

165 2014 224 2082 tur
258 1990 442 2071 deorsbm,
478 1988 583 2081 idque
611 1985 676 2066 vi,
716 2005 821 2078 quarn
1004 1985 1007 1992 ’

165 2087 355 2163 constanter
379 2089 537 2188 ponimus
561 2109 655 2167 :13
691 2081 751 2179 qui
777 2105 820 2178 pe
885 2107 917 2168 n
971 2051 999 2126 ‘i

165 2215 246 2286 quae
266 2187 314 2264 est
334 2189 403 2286 ipsa
419 2188 566 2285 gravitas
587 2187 624 2256 in
647 2107 821 2282 superlicie

167 2289 311 2380 Terrae,
338 2293 381 2366 eb
401 2289 497 2386 qudd
519 2287 665 2360 elevatio
683 2283 741 2357 vel
760 2281 820 2356 de-

166 2388 289 2490 prellio
309 2391 479 2488 particulae
497 2383 688 2460 distantiam
704 2385 775 2478 ejus
798 2383 821 2457 'a

167 2515 288 2566 centro
304 2490 434 2576 Terra,
460 2487 481 2564 al
500 2489 569 2584 qul
590 2487 732 2560 variatio
746 2507 823 2580 gra·

168 2594 284 2664 vitatis
298 2593 435 2690 pendet,
463 2585 655 2662 sensibiliter
670 2609 740 2658 non
756 2552 871 2657 im,¹
944 2547 982 2616 H
1010 2616 1031 2663 r

168 2715 290 2766 muter.
343 2687 483 2764 Deinde
500 2688 583 2762 verb
603 2689 722 2760 eadem
738 2709 821 2782 par·-
970 2655 1040 2706 ‘w

169 2793 277 2868 titula
295 2794 343 2862 M
357 2791 377 2866 ὲ
395 2792 431 2862 vi
451 2792 488 2863 in
497 2791 532 2862 ,S
544 2784 712 2876 existente
731 2785 823 2858 solli·
876 2873 879 2880 .

169 2897 296 2968 citatur
319 2891 445 2988 duplici
471 2891 526 2970 vi,
566 2912 711 2986 quarum
738 2885 823 2958 alre-

173 2995 246 3066 rius
271 2989 415 3066 direslio
441 2992 478 3063 in
502 2989 606 3086 ipsam
635 2989 720 3059 MC
739 2987 824 3060 inci-

176 3097 259 3181 dir,
285 3094 419 3168 alterius
444 3091 528 3166 verd
553 3093 591 3164 in
612 3091 661 3160 M
669 3091 698 3160 R
730 3085 916 3164 normalem
937 3087 981 3165 ad
1003 3091 1053 3162 M
1063 3094 1100 3166 C.
1163 3081 1337 3176 Quocirca
1362 3094 1466 3168 trium
1488 3091 1611 3174 harum

177 3195 308 3267 virium
332 3195 479 3292 mediam
510 3189 734 3266 directionem
759 3189 906 3264 incidere
926 3191 1131 3290 .oportet.in
1159 3189 1288 3267 tesiam
1310 3197 1358 3264 M
1366 3197 1408 3264 N
1423 3200 1610 3274 normalem

176 3297 225 3370 ad
247 3295 389 3368 curvam
402 3289 534 3381 aMd,
558 3316 630 3389 quo
654 3287 725 3388 ipso
749 3313 867 3364 natura
887 3291 1121 3384 hujusoeurvaa
1143 3293 1431 3369 determinabitur.

232 3397 266 3491 §.
298 3420 359 3493 33.
411 3395 569 3468 Dubium
596 3392 652 3465 hle
683 3391 836 3465 subnasci*
855 3389 983 3492 pollet,
1014 3393 1120 3488 quod
1135 3391 1215 3466 edm
1237 3395 1283 3466 ad
1315 3395 1456 3496 praesens
1480 3398 1612 3476 institu.

177 3521 257 3572 urm
282 3497 437 3570 omnium
459 3496 610 3582 virium,
637 3495 759 3590 quibus
779 3489 916 3594 singula
934 3493 1105 3594 particulae
1128 3492 1372 3587 sollicitantur,
1406 3502 1492 3571 ratio
1510 3501 1612 3574 habe
1739 3556 1743 3563 .

182 3600 216 3672 ri
240 3599 381 3684 debeat,
407 3621 480 3670 eam
503 3595 559 3670 hle
576 3595 809 3696 negligamus,
834 3621 909 3694 quae
930 3594 951 3672 ὲ
973 3597 1010 3668 vi
1031 3594 1220 3694 centril‘ugl
1241 3593 1355 3671 morde
1379 3597 1497 3674 Terrae
1517 3602 1612 3674 diur-

180 3699 222 3772 ni
243 3703 379 3785 oritur,
405 3698 531 3793 quippe
554 3720 630 3793 qua
654 3723 724 3770 nun
750 3697 859 3770 solbm
880 3691 1019 3772 nonest
1042 3693 1175 3770 infinite
1193 3723 1321 3795 parva,
1347 3700 1405 3774 sed
1421 3703 1536 3774 multia
1558 3702 1613 3774 vi-

181 3801 280 3874 cibus
302 3799 434 3892 major,
460 3797 565 3893 qu'am
585 3799 676 3872 vires
695 3807 772 3894 quae
794 3800 894 3874 uelit
919 3799 999 3874 Sole
1020 3799 1076 3872 vel
1107 3799 1214 3873 Lunl'
1238 3793 1420 3875 resultant:
1447 3801 1505 3876 led
1531 3803 1613 3898 quia

184 3903 260 3974 huc
281 3903 335 3973 vir
357 3895 562 3972 constantem
586 3900 743 4002 preducit
758 3897 950 3990 renatum,
981 3897 1105 3974 2Terrae
1129 3899 1256 3977 'scilicet
1281 3900 1426 4000 figuram
1449 3903 1471 3975 s
1488 3903 1612 3974 haeroi·

180 4003 297 4118 dicam
320 4003 364 4073 ad
395 3999 492 4096 polot
524 3995 782 4095 compressam(
804 3997 1049 4096 mutaaiunein,
1083 4001 1220 4104 quae'in
1250 3991 1368 4077 Fluxu
1391 4029 1428 4078 ac
1457 3929 1618 4077 Keduxts

182 4098 297 4175 Mane
320 4101 537 4185 observante,
564 4097 756 4174 sensibiliter
774 4101 903 4177 afficere
923 4103 1052 4200 nequit.
1080 4107 1084 4137 ³
1110 4102 1422 4201 Deindequamvit
1443 4102 1500 4175 hle
1519 4099 1611 4196 figu-

184 4225 264 4275 rarn
282 4199 400 4276 Terra
421 4201 614 4299 sphaericam
635 4195 819 4301 ponimus,
844 4213 958 4278 tamen
978 4207 1015 4276 in
1037 4205 1281 4280 aberrationem
1302 4202 1473 4302 praecipue
1487 4207 1528 4276 ab
1550 4204 1614 4276 hae
1700 4251 1704 4258 -
1757 4261 1764 4274 .

184 4299 299 4400 figurl
317 4327 386 4378 tarn
414 4302 435 4378 ὲ
459 4304 539 4382 Sole
557 4301 782 4402 quiunLund
799 4305 985 4380 voriundam
998 4305 1231 4403 inquirimur}
1256 4301 1614 4380 martifestumaurem

183 4401 237 4483 est
249 4439 260 4493 5
287 4428 451 4501 quantum
473 4402 584 4504 ligura
610 4429 706 4505 aquae
738 4407 782 4477 ob
813 4409 902 4481 vires
933 4406 1021 4481 Solis
1046 4409 1200 4488 Lunaeve
1222 4388 1433 4506 1'sphaerici
1459 4406 1590 4478 recedat
1601 4417 1616 4490 ,¹

182 4507 393 4582 tantundem
407 4529 503 4603 aqua
533 4505 677 4607 liguram
698 4503 841 4581 admillo
860 4515 975 4582 mum
990 4510 1116 4594 diurno
1140 4505 1264 4584 Terrae
1281 4498 1437 4604 a‘figura
1449 4504 1622 4602 {pharai-¹
1714 4553 1717 4563 -
1788 4499 1792 4508 ’

180 4603 267 4682 dica
291 4601 356 4704 else
378 4607 647 4706 discrepatum.
701 4607 921 4709 Quapropter
945 4609 1067 4688 innoc
1087 4611 1227 4708 negorio
1250 4605 1408 4700 sufficere¹
1420 4603 1553 4709 potest,
1579 4601 1618 4696 li,

175 4703 300 4803 ζωή
325 4703 425 4785 lullae
448 4709 582 4810 sphaerae
604 4709 1012 4905 perleslat''eotrstderatd<i
1036 4708 1432 4915 gffizffilii‘lumffl
1457 4703 1628 4883 diffeffi
