4380 5678
282 498 565 603 anxns
616 511 667 572 rc
719 488 1100 578 Rtrnuxue
1150 493 1393 584 bireta:
1484 527 1571 622 30?

132 669 351 775 „595539
378 667 506 762 pedum
527 663 628 740 Paris.
652 664 717 738 erit
738 622 839 778 -ἒ-ῑε
853 682 999 764 0‚5072
1029 664 1107 763 ped.
1137 661 1195 742 seu
1217 669 1406 766 pauxillum
1427 683 1571 760 excedet

135 841 345 941 semipedem
361 861 374 911 t
397 837 493 911 valor
506 807 687 957 autem}
710 832 852 908 omnino
878 833 943 908 erit
967 835 1135 931 quantitas
1157 836 1356 914 evanescens
1377 841 1571 950 &irnpem
1715 895 1725 920 ,-

138 982 317 1081 oeptibilis.
369 977 473 1054 Hanc
497 978 542 1048 ob
565 999 637 1050 rem
660 979 697 1048 in
723 977 918 1074 regionibus
950 971 1010 1048 sub
1040 975 1121 1050 Sole
1146 977 1351 1053 verticalirer
1376 975 1445 1056 litis
1456 1034 1472 1072 ,
1503 1009 1581 1082 qua

43 1117 49 1122 ·
138 1088 283 1158 habeant
309 1080 425 1154 Solem
453 1078 509 1150 vel
534 1079 571 1150 in
598 1079 728 1152 Zenitb
752 1077 807 1150 vel
835 1073 947 1149 Nadir
959 1125 971 1164 ,
1008 1099 1096 1174 aqua
1127 1077 1215 1152 ultra
1244 1077 1458 1158 altitudinem
1482 1109 1583 1161 natu-

137 1187 245 1258 ralem
266 1179 436 1254 attolletur
460 1181 504 1252 ad
526 1177 731 1276 semipedem
754 1200 832 1250 cum
852 1177 983 1277 pollicis
999 1202 1093 1274 parte
1121 1177 1254 1252 decimi
1277 1182 1423 1265 circiterr
1449 1185 1586 1284 deprelss

138 1281 189 1358 lio
213 1307 327 1356 autern
348 1284 496 1352 maxima
523 1281 618 1351 cadet
642 1280 679 1350 in
702 1280 796 1359 loca,
829 1301 905 1374 quae
932 1277 1049 1352 Solem
1078 1279 1116 1350 in
1141 1281 1324 1356 horizonte
1353 1283 1586 1382 conspicient3

139 1378 203 1460 dbi
230 1383 317 1480 aqua
332 1383 375 1454 ad
395 1383 616 1476 quadrantem
632 1381 733 1474 pedis
758 1393 890 1460 tantum
910 1379 1141 1475 deprimetur3
1166 1405 1209 1453 ex
1231 1403 1304 1476 quo
1326 1406 1440 1458 totum
1464 1386 1585 1463 discri-

137 1509 242 1568 men,
279 1484 374 1578 quod
397 1482 418 1555 ὲ
443 1481 522 1554 Sole
549 1481 585 1552 in
614 1481 792 1554 altitudine
818 1503 914 1576 aquae
942 1480 1084 1552 naturali
1107 1481 1244 1569 oritur,
1283 1484 1328 1555 ad
1354 1505 1420 1558 tres
1450 1510 1616 1584 quartas·

138 1587 237 1684 pedis
260 1605 370 1682 partes
395 1583 527 1654 circiter
546 1577 701 1676 assurget.
767 1579 834 1654 Iste
855 1580 944 1654 Solis
965 1576 1106 1653 effeetus
1129 1605 1243 1656 autem
1263 1579 1428 1660 distantiae
1451 1610 1585 1664 tanturn

141 1685 309 1761 mediocri
329 1683 417 1756 Solis
443 1679 590 1755 'aTerra
616 1678 663 1754 est
688 1682 911 1755 tribuendus:
937 1677 1079 1777 qudd‘sr
1104 1685 1197 1756 enim
1219 1681 1279 1758 Sol
1300 1683 1450 1760 versetur
1467 1691 1525 1765 vel
1546 1691 1595 1765 in'
1741 1721 1745 1728 ·

138 1811 308 1884 apogaeo,
344 1783 399 1856 vel
422 1783 595 1880 perigato,
630 1779 701 1875 ejus
730 1777 870 1856 effeetus
897 1783 953 1854 vel
987 1783 1135 1856 diminui
1156 1783 1213 1857 vel
1242 1787 1359 1879 augeri
1386 1787 1525 1864 debebit
1545 1793 1585 1864 in

140 1890 274 1962 ratione
294 1885 465 1984 reciproci
491 1883 657 1980 triplicati
683 1879 914 1958 distantiarum
938 1883 1028 1956 Solis
1047 1883 1068 1956 a
1085 1881 1210 1970 Terra,
1236 1885 1318 1982 quit
1336 1889 1463 1984 pendet
1482 1889 1505 1966 ὲ
1525 1915 1589 1980 ve-¹

141 2029 216 2104 lore
241 1993 310 2143 ἐς
365 2024 458 2099 Cltm
483 2022 589 2120 igitur
612 2021 732 2094 orbitae
757 2019 875 2098 Terre
898 2021 1131 2096 excentricitas
1153 2017 1194 2096 stt
1214 2049 1244 2092 =
1263 2019 1394 2126 ἐξῇ,
1431 2031 1496 2104 erit
1529 2031 1587 2106 in.

143 2169 325 2248 cervulum
349 2174 416 2244 Aa
440 2169 495 2244 vel
519 2167 591 2252 Bb,
617 2170 701 2242 dum
720 2169 780 2243 Sol
803 2171 840 2244 in
861 2170 1009 2267 perigaeo
1030 2165 1202 2256 versatur,
1229 2193 1412 2272 :0,5332
1438 2175 1517 2268 ped
1534 2169 1586 2248 fin

140 2289 257 2346 autem
283 2271 341 2346 Sol
364 2273 402 2344 in
425 2297 444 2342 a
469 2293 565 2368 ogaeo
596 2263 635 2340 stt
668 2266 890 2354 constitutus,
916 2277 1076 2368 :0,482
1083 2293 1103 2370 5
1128 2269 1255 2366 pedum
1269 2295 1281 2354 ς
1316 2295 1466 2368 quorum
1484 2269 1584 2346 diffe-

141 2373 254 2448 rentia
285 2371 329 2444 ad
365 2297 557 2445 vicedmam
591 2370 687 2468 pedis
716 2395 845 2467 partem
885 2367 1061 2446 ascendit:
1099 2369 1196 2442 valor
1219 2393 1334 2445 autern
1364 2373 1498 2450 medius
1534 2369 1584 2452 est

139 2503 172 2546 =
186 2493 354 2573 o,5072,
379 2495 482 2570 quem
506 2493 569 2570 pro
592 2471 756 2546 mediocri
781 2466 936 2546 distantis
957 2469 1045 2544 Solis
1069 2469 1090 2544 i
1115 2468 1225 2544 Terra
1248 2473 1453 2549 invenimus.

197 2613 230 2707 S.
259 2636 321 2711 39.
373 2609 550 2686 Problema
572 2615 667 2710 hoc,
704 2615 800 2709 quod
827 2612 1001 2708 hucusque
1033 2611 1188 2683 dedimus
1214 2609 1383 2701 solutum,
1420 2614 1588 2710 quodque

140 2715 284 2786 maximi
309 2707 356 2785 est
380 2716 546 2787 momenti
567 2717 611 2787 ad
628 2711 768 2788 effeetus
795 2717 875 2788 cbm
897 2714 986 2790 Solis
1012 2711 1087 2783 tltna
1115 2709 1225 2784 Lunae
1242 2714 1278 2785 in
1301 2711 1394 2786 Mari
1416 2714 1584 2790 elevando

143 2817 187 2888 δι
206 2815 428 2910 deprimendo
449 2810 686 2902 deliniendos,
711 2813 905 2890 Nevtonus
925 2839 967 2886 ne
982 2812 1095 2910 attigit
1113 2813 1277 2908 quidem,
1302 2811 1360 2886 led
1379 2814 1479 2887 aliam
1493 2816 1587 2888 viam

141 2915 303 2999 secuere,
328 2939 398 2986 non
423 2913 532 2987 solbm
555 2913 756 2988 indiredlem
779 2914 958 2990 sedetiam
980 2935 1179 3000 erroneam,
1205 2911 1337 2986 invertit
1359 2910 1459 2988 Mare
1480 2913 1501 2988 ὲ
1525 2913 1583 2988 so·

142 3013 189 3088 ln
203 3017 240 3088 vi
266 3013 354 3088 Solis
383 3017 427 3087 ad
451 3015 665 3088 altitudinem
692 3017 841 3090 duorum
865 3013 935 3090 lere
958 3014 1087 3114 pedum
1110 3011 1235 3086 elevari
1255 3013 1401 3103 deberes
1432 3013 1512 3088 ciam
1535 3037 1587 3088 te·

145 3101 326 3190 memsam
344 3117 487 3192 eandem
501 3119 574 3187 vim
586 3115 660 3188 Soli
675 3116 858 3190 absolutam
874 3115 979 3214 quim
998 3116 1141 3188 eandem
1162 3107 1388 3188 dstmtiamn
1408 3112 1517 3190 Terra
1537 3115 1586 3187 as·

140 3211 306 3294 fimrfiffet
316 3267 328 3304 ,
353 3217 477 3312 quibus
497 3239 558 3289 nos
580 3215 692 3290 sutnus
721 3212 779 3290 usa.
834 3211 1007 3290 Conclusrt
1025 3237 1148 3372 sautem
1174 3217 1267 3290 hunc
1288 3235 1465 3291 enormem
1482 3211 1586 3302 effen,

143 3361 244 3437 mum
264 3385 307 3434 ex
335 3363 582 3460 comparatione
607 3363 660 3435 vis
679 3361 767 3436 Solis
785 3361 843 3437 seu
859 3362 983 3436 valoris
1004 3400 1059 3483 Π
1081 3381 1161 3432 cum
1183 3359 1221 3433 vi
1246 3357 1364 3438 Terree
1395 3357 1588 3458 centrifugl

141 3502 169 3580 a
193 3525 292 3576 motu
314 3503 437 3576 diurno
464 3503 556 3588 ortl,
581 3502 652 3602 qud
675 3500 784 3577 Terra
805 3501 866 3574 sub
882 3523 1053 3597 arquatore
1069 3502 1265 3578 extenditur
1285 3527 1324 3578 ae
1349 3501 1480 3580 trallior
1505 3506 1586 3586 red-1

139 3605 241 3678 ditur
268 3599 374 3697 quem
396 3601 455 3675 sub
476 3604 587 3700 polis;
612 3627 712 3700 atque
736 3599 869 3678 assumit
890 3604 1115 3679 elevationem
1140 3627 1235 3700 aquae
1256 3605 1277 3679 ‘a
1302 3605 1340 3678 vi
1364 3605 1454 3680 Solis
1476 3627 1587 3678 ortam

141 3705 294 3780 eandem
320 3725 435 3776 tenere
459 3707 583 3781 debere
605 3709 770 3780 rationem
798 3705 841 3780 ad
864 3705 1116 3782 incrementum.
1129 3704 1218 3779 Terr
1293 3707 1340 3778 ub
1369 3705 1585 3803 aequatoreit

140 3805 189 3888 vi
216 3803 404 3900 centrifuga
423 3801 570 3892 sadum,
602 3807 709 3902 quim
730 3829 842 3880 teneat
863 3806 916 3878 vis
940 3805 1029 3880 Solis
1058 3807 1103 3880 ad
1129 3807 1202 3881 vim
1291 3805 1463 3905 trifugarn.
1517 3806 1588 3881 Sed

139 3907 375 4006 preterquam
396 3903 493 3999 qudd
509 3907 576 3977 boc
596 3906 812 3982 ratiocinium
828 3907 928 3979 nimis
947 3903 1085 3980 infirmo
1109 3903 1370 4006 superstrudlum
1387 3909 1588 3981 fundamen·
1625 3977 1628 3982 .

142 4030 216 4093 to,
242 4001 354 4078 nosltd
377 4005 435 4078 via
457 4003 612 4094 diseunt
640 4007 708 4102 qul
731 4006 844 4080 sumus
865 4003 941 4096 ult,
974 4004 1083 4080 statim
1105 4011 1296 4082 evertitur:
1331 4035 1374 4084 ex
1400 4009 1473 4108 ipsi
1495 4009 1588 4082 enirn

140 4107 204 4180 rei
227 4106 367 4191 namra,
392 4107 493 4180 nullis
516 4109 671 4206 precariis
693 4103 840 4180 effumtis
860 4109 1050 4206 principiis,
1077 4109 1303 4186 elevationem
1326 4131 1490 4205 aquatum
1508 4107 1534 4180 i·
1549 4107 1590 4178 vi

141 4207 242 4284 Solis
263 4205 442 4282 oriundam
461 4207 590 4282 direeta
613 4212 651 4283 dc
681 4208 867 4282 luculenter
885 4208 1212 4299 determinavimus3
1244 4235 1282 4283 ac
1309 4207 1333 4279 st
1360 4210 1467 4280 ullum
1487 4210 1589 4282 etiam

144 4309 298 4384 dubium
325 4311 370 4382 ob
397 4311 658 4407 integrationem
685 4333 744 4407 per
776 4309 1082 4406 approximationes
1112 4332 1243 4383 tanturn
1271 4307 1459 4382 institurum
1490 4303 1593 4382 resta·

148 4432 231 4496 ret,
256 4411 294 4484 id
313 4435 395 4484 mox
424 4413 579 4500 tolletur,
608 4412 688 4486 edm
710 4409 798 4484 instit
818 4411 909 4484 idem
926 4409 1099 4509 problema
1117 4411 1182 4482 alid
1201 4413 1364 4485 methodo
1375 4407 1520 4506 ‚prorsus
1535 4407 1593 4484 di·

146 4509 255 4588 versd
276 4509 389 4587 sumus
415 4513 607 4606 resolutori,
633 4533 945 4612 congruentemque
962 4511 1164 4585 solutionem
1184 4512 1378 4586 exhibituri.

208 4654 241 4748 §·
270 4679 334 4753 40·
388 4653 560 4746 Quemvis
595 4680 708 4735 autem
738 4652 798 4730 iste
829 4655 918 4731 Solis
955 4653 1094 4741 effedlus
1130 4656 1167 4730 in
1197 4653 1288 4728 Mari
1317 4677 1385 4729 tam
1428 4657 1594 4733 elevando

40 4741 47 4752 .
146 4751 257 4860 φήῃ
282 4756 507 4856 deprimendo
529 4783 601 4842 non
623 4761 709 4842 oded
730 4782 841 4840 certus
862 4759 903 4839 dt
929 4759 1047 4856 planus
1068 4753 1134 4844 else
1166 4759 1321 4842 videatur
1339 4761 1398 4862 ob,
1411 4756 1598 4934 parttslgalpjn

687 4931 691 4938 '
1134 4897 1136 4902 Ι
1576 4905 1590 4946 ἃ
