4354 5678
385 463 604 581 Fr'u'rns
646 515 718 580 sc
771 497 1064 583 Rarruxns
1114 496 1304 582 Manto
1474 517 1557 614 359·

117 620 231 700 tabula
249 637 357 726 'quam
381 632 497 710 Celeb.
531 631 654 709 Casini
676 639 713 710 in
737 635 843 712 Mem.
877 662 987 734 1713.
1016 661 1078 733 pro
1101 633 1240 712 diversrs
1268 632 1417 711 Lunaed
1441 632 1552 716 Tetri

118 725 282 804 distantiis
301 759 345 806 ex
365 735 518 830 plurimis
544 737 832 810 observationibus
857 734 995 812 Brestiae
1024 735 1182 812 institutis
1205 739 1365 834 collegit,
1401 738 1476 812 satis
1499 765 1554 814 ae-

119 829 234 900 curate
262 857 340 906 cum
361 838 492 908 theoria
516 835 628 910 nostri
649 839 837 936 conspirat,
862 835 987 912 etiamst
1005 841 1098 912 enim
1121 863 1183 935 pro
1203 839 1304 912 Luna
1323 841 1467 936 perigaea
1486 842 1551 912 mi-

119 951 241 1014 norem
262 935 487 1010 elevationem
503 963 602 1034 aquae
622 943 764 1026 tribuat,
797 935 982 1036 quintilia
1009 941 1093 1012 ratio
1117 942 1302 1036 requireret
1314 990 1325 1027 ,
1351 964 1462 1014 tamen
1482 941 1552 1014 dis⁴

119 1031 251 1104 crimen
279 1035 379 1108 valde
410 1035 455 1108 est
489 1043 678 1134 exiguum:
712 1043 797 1136 quin
828 1042 930 1112 etiam
953 1039 1048 1110 sacili
1072 1044 1275 1116 concedetur
1298 1041 1433 1114 Lunam
1463 1043 1552 1140 peri·

117 1147 229 1226 garam
255 1158 367 1208 totum
388 1138 488 1209 suum·
504 1137 664 1212 effeaum
688 1163 848 1212 nontam
872 1140 940 1211 cisti
969 1138 1128 1234 consequi
1150 1139 1265 1237 polle,
1301 1165 1405 1238 quem
1433 1141 1551 1216 conse-

119 1251 304 1326 queretur,
331 1231 355 1306 sr
379 1237 482 1312 Luna
501 1243 667 1337 perpetud
691 1244 727 1312 in
750 1243 898 1337 perigaeo
924 1238 1119 1317 versaretur.
1181 1241 1295 1315 Aliter
1314 1241 1553 1338 autem'Luna

120 1359 261 1432 apogaea
284 1333 331 1409 est
353 1362 564 1434 comparata,
598 1365 673 1438 quae
699 1342 742 1412 ad
766 1341 1025 1414 diminuendum
1048 1337 1163 1412 aestum
1185 1339 1290 1413 Maris
1315 1345 1448 1424 tendit,
1473 1345 1553 1414 clun

120 1440 217 1510 enim
250 1435 347 1510 Mare
372 1437 419 1510 ob‘
447 1441 603 1513 inertiam
627 1442 931 1538 &impedimenta
956 1438 1067 1535 ipsum
1094 1444 1139 1512 ad
1171 1444 1434 1515 diminutionem
1456 1439 1553 1514 aeststs

121 1533 165 1610 srt
183 1541 345 1634 proclive,
372 1535 440 1614 fine
458 1540 526 1612 ulla
548 1537 729 1614 resrstentii
751 1542 852 1614 Luna
864 1543 900 1612 in
919 1563 1059 1635 apogaeo
1080 1538 1258 1614 constituta
1278 1540 1436 1616 effectum
1455 1541 1554 1615 suum

122 1662 250 1713 exeret.
312 1640 396 1712 Huc
419 1643 528 1730 etiam¹
543 1645 713 1737 pertinet,
740 1644 836 1737 quod
856 1643 979 1737 pariter
999 1639 1118 1714 Celeb.
1151 1639 1275 1714 Caffini
1306 1641 1339 1716 se
1369 1638 1555 1715 observasse

120 1736 260 1812 testatur
272 1791 283 1826 ,
306 1738 449 1813 similem
469 1739 695 1816 differentiam
718 1739 777 1813 etsr
799 1742 907 1814 multd
928 1741 1097 1815 minorem
1118 1742 1140 1815 *a
1160 1744 1260 1818 variis
1286 1743 1375 1816 Solis
1403 1739 1553 1816 itTerri

122 1835 288 1912 distantiis
311 1843 480 1939 produci,
515 1844 552 1915 id
576 1845 671 1940 quod
691 1839 810 1916 nostrae
834 1843 973 1914 theoriae
997 1865 1067 1914 non
1089 1841 1197 1914 solum
1218 1841 1266 1916 est
1284 1839 1557 1934 consentaneum

120 1939 184 2017 fad
206 1943 285 2013 inde
303 1946 403 2015 etiam
422 1940 492 2038 ipsa
509 1946 676 2038 quantitas
696 1943 796 2037 hujus
814 1939 1012 2015 differentiae
1030 1939 1137 2039 potest
1158 1939 1303 2016 definiri.

177 2043 208 2134 §.
239 2067 322 2120 tro.
374 2039 537 2138 Denique
564 2046 735 2118 decimum
761 2043 1014 2116 Phaenomenon
1034 2039 1100 2116 sese
1128 2044 1225 2116 nobis
1257 2045 1555 2143 contemplandum

119 2139 250 2232 offert,
275 2168 345 2239 quo
369 2141 476 2238 vulgo
507 2140 604 2217 statui
625 2142 707 2218 solet
731 2140 825 2216 aestus
849 2166 919 2215 tam
939 2141 1196 2218 noviluniorum
1224 2144 1335 2241 quim
1353 2145 1556 2241 plenilunio·

126 2262 223 2324 rum,
249 2246 309 2338 qui
329 2243 533 2339 contingunt
555 2247 642 2317 circa
669 2243 894 2340 aequinodiia,
920 2243 1045 2316 caeteris
1068 2240 1133 2318 else
1155 2244 1324 2337 majores,
1348 2241 1476 2318 etiamst
1496 2245 1558 2318 ob-

124 2342 329 2418 servationes
356 2347 444 2418 hanc
459 2347 610 2439 regulam
633 2369 704 2416 non
725 2344 858 2442 penitbs
878 2338 1104 2431 confirment3
1137 2346 1357 2440 quamobrem
1380 2345 1557 2417 videamus

124 2445 303 2538 quomodo
325 2441 419 2520 astus
438 2448 564 2519 caeteris
589 2447 723 2544 paribus
744 2465 954 2540 comparatus
981 2439 1045 2518 else
1069 2446 1188 2518 debeat
1206 2467 1268 2543 pro
1289 2440 1428 2524 diversrs
1450 2445 1560 2517 Lunae

121 2543 418 2618 declinationibus.
471 2541 529 2616 At
550 2547 662 2644 primo
682 2547 823 2643 quidem
838 2569 881 2617 ex
901 2539 1011 2616 nostra
1033 2546 1166 2619 theorid
1188 2546 1243 2640 (§.
1260 2546 1348 2643 87.)
1365 2541 1459 2620 astus
1473 2545 1560 2617 dum

128 2643 232 2717 Luna
255 2646 292 2716 in
323 2670 492 2741 aquatore
514 2647 685 2726 versatur,
721 2647 888 2718 maximos
914 2637 980 2715 esset
1008 2669 1079 2717 non
1100 2641 1214 2740 polle,
1251 2641 1312 2718 nisr
1335 2649 1371 2718 ln
1393 2644 1475 2718 locis
1497 2641 1586 2738 sub-

125 2743 203 2840 ipso
229 2768 397 2841 aequatore
419 2744 512 2832 fitis3
537 2771 638 2843 atque
658 2745 779 2820 eodem
798 2747 875 2816 loco
896 2743 1051 2818 tabellam
1072 2747 1274 2839 adjecimus,
1300 2771 1343 2820 ert
1368 2745 1437 2842 qui
1454 2765 1559 2842 patet,

123 2847 266 2918 cuinam
291 2847 397 2919 Lunae
423 2844 639 2920 declinationi
661 2845 802 2917 maximi
825 2837 919 2916 aestus
940 2841 1197 2940 respondeant*
1232 2842 1286 2918 Ita
1313 2870 1376 2943 pro
1394 2846 1560 2919 elevatio·

128 2969 174 3020 ne
196 2947 267 3040 poli
294 2953 391 3044 50⁹,
433 2943 538 3021 aestus'
555 2947 696 3020 maximi
728 2946 882 3018 incidunt
909 2941 1018 3020 Lunae
1047 2945 1266 3018 declinationi
1295 2954 1396 3044 270,
1418 2940 1458 3020 ‚sr
1485 2943 1562 3040 qui·

124 3049 213 3120 dem
235 3071 260 3146 g
281 3070 425 3145 ponatur
443 3055 560 3148 :3²33
600 3042 770 3143 arposrto
800 3071 825 3147 g
852 3069 881 3110 =
900 3052 971 3144 ᾖ,
1021 3045 1117 3141 quod
1155 3038 1360 3145 probabilior
1397 3046 1562 3130 videtur,
1654 3123 1658 3128 ,

132 3153 249 3250 prodit
282 3153 391 3225 Lunae
424 3155 604 3227 declinatio
633 3155 819 3224 maximum
856 3151 973 3226 tellum
1003 3156 1194 3250 producens
1222 3154 1352 3227 circiter
1386 3153 1489 3240 160,
1525 3149 1564 3226 id
1684 3161 1694 3174 “

122 3253 229 3349 quod
255 3249 399 3325 mirifice
424 3255 585 3328 convenit
612 3275 690 3324 cum
714 3249 1002 3326 observationibus
1036 3254 1080 3323 ad
1109 3253 1244 3325 Littora
1268 3253 1389 3326 Galliae
1417 3254 1565 3348 Septen-

130 3352 288 3428 trionalia
318 3349 500 3442 institutis,
532 3354 655 3450 quibus
683 3345 810 3423 constat
835 3353 1001 3424 maximos
1030 3349 1254 3450 syzygiamm
1280 3349 1375 3426 astus
1396 3347 1595 3425 menstbus.

128 3449 328 3525 Novembri
354 3453 605 3544 &Februario
639 3453 788 3526 accidere
818 3449 924 3524 solere
935 3501 948 3540 ‚
989 3453 1112 3547 quibus
1146 3455 1354 3547 temporibus
1376 3453 1475 3526 Luna
1495 3449 1566 3524 serb

124 3549 326 3651 ‚albgnatam
351 3556 483 3628 obtinet
504 3555 770 3628 declinationem.
823 3547 876 3625 At
900 3552 995 3646 quod
1014 3549 1103 3624 forte
1127 3551 1176 3623 illi
1202 3553 1340 3648 regular,
1367 3555 1435 3649 qud
1456 3553 1567 3624 Lunae

130 3657 173 3728 in
192 3677 362 3750 aequatore
383 3655 529 3738 versanti
550 3656 689 3727 maximi
713 3651 809 3726 aestus
835 3650 976 3723 adscribi
999 3650 1109 3740 solet,
1135 3649 1248 3724 ansam
1275 3647 1449 3750 praebuisse
1470 3651 1568 3724 vide·

128 3778 216 3843 tur,
241 3749 288 3829 est
307 3756 429 3828 modus
451 3752 589 3828 aestuum
612 3756 814 3849 quantitates
832 3747 1019 3826 definiendi
1035 3752 1211 3849 peculiaris
1233 3777 1272 3826 ac
1291 3751 1365 3824 satis
1381 3749 1570 3849 perversum

132 3856 229 3926 clun·
246 3853 336 3927 enim
366 3855 541 3929 crederent
564 3855 717 3951 plerique
739 3851 969 3928 observatores
998 3848 1101 3926 causrs
1127 3853 1243 3926 alienis
1267 3855 1481 3928 tribuendam
1503 3847 1571 3924 else

133 3956 421 4049 inequalitatem,
447 3979 523 4052 quae
547 3957 634 4027 inter
659 3957 757 4028 binos
776 3951 870 4026 aestus
896 3949 1091 4030 successivos
1108 3955 1312 4040 intercedat,
1339 3977 1455 4028 veram
1474 3975 1571 4046 aquae

129 4056 363 4129 elevationem
387 4055 571 4129 accuratilts
592 4049 735 4128 definite
760 4053 835 4126 sunt
853 4054 1025 4141 arbitrari,
1059 4049 1084 4122 sr
1111 4052 1278 4130 sumerent
1306 4056 1459 4127 medium
1483 4053 1572 4124 inter

135 4149 237 4232 ¹binos
260 4155 390 4230 Fluxus
424 4151 628 4231 successrvos.
683 4152 796 4243 Quid
816 4147 840 4222 fi
857 4176 970 4226 autern
991 4155 1059 4226 hoc
1085 4155 1189 4226 modo
1222 4155 1350 4250 quique
1370 4150 1465 4226 aestus
1487 4145 1584 4250 asti«.

138 4275 300 4344 mensur,
325 4280 400 4330 tum
422 4259 542 4352 utique
563 4256 703 4327 maximi
725 4251 820 4328 astus
840 4253 879 4324 in
896 4251 1104 4348 aequinoctia
1127 4255 1275 4328 incidere
1294 4252 1573 4337 observabuntur,

136 4355 181 4430 id
201 4357 294 4448 quod
314 4360 415 4429 etiam
435 4356 555 4430 nostrae
575 4359 714 4431 theoriae
738 4351 885 4430 maximi
909 4349 956 4426 est
974 4352 1173 4445 conforme,
1199 4355 1346 4450 exceptis
1367 4375 1498 4426 tantum
1520 4375 1574 4424 re·

135 4457 302 4554 gionibus
323 4457 409 4554 polis
428 4457 658 4532 vicinioribus.
722 4453 815 4530 Clam
834 4455 934 4526 enim
949 4450 1065 4551 positis
1083 4450 1156 4530 smu
1172 4456 1370 4529 elevationis
1391 4454 1462 4550 poli
1482 4455 1571 4540 :P‚
1610 4525 1612 4530 .

136 4549 308 4642 cosmo:
315 4580 365 4656 p,
385 4554 462 4670 ¹snm
477 4559 709 4632 declinationis
723 4559 831 4636 Lunae
846 4591 875 4630 =
887 4560 947 4656 Q,
963 4549 1087 4628 'cosmu
1099 4582 1127 4622 =
1140 4584 1183 4660 q,
1207 4556 1314 4652 major
1326 4551 1419 4630 allus
1437 4549 1495 4626 fiat
1512 4577 1573 4649 per

108 4719 111 4724 '
140 4691 293 4801 spatium
310 4673 504 4816 fig*
523 4659 894 4839 (pq†s.-..93(J;g⁸3)
926 4667 981 4800 )’ἱ
1021 4693 1133 4770 ωἱαοῐ
1169 4692 1255 4773 verb
1281 4713 1347 4793 pet
1376 4685 1518 4793 spatium
1543 4713 1574 4754 :r

340 4755 501 4845 Μ
917 4831 996 4925 22
1045 4849 1072 4916 a
1513 4847 1577 4932 ar
