4380 5678
372 445 610 570 'Taunus
660 469 727 532 ac
774 451 1074 538 attentus
1127 455 1325 537 Manis?
1482 458 1562 570 2'87

123 583 197 683 quae
218 576 453 676 assumuntur,
480 582 654 662 existentia
676 585 812 660 aliunde
837 590 1074 686 comprobetur
1088 589 1217 678 „labili
1239 616 1278 662 ea
1302 583 1442 662 omnind
1469 587 1559 664 irmi-

123 691 206 762 titur
227 685 459 772 fu'ndamento.
513 682 666 776 Quddli
691 711 805 762 autem
831 689 967 776 contra,
1003 688 1143 765 effedlus
1170 691 1335 786 ejusmodi
1352 691 1480 764 viribus
1498 691 1558 766 tri·

123 791 244 884 buatur
270 793 413 888 quasin
436 791 567 862 mundo
591 788 711 866 reverit
734 789 961 866 existerealia
980 792 1207 884 Phaenomena
1234 792 1320 865 clarb
1346 792 1556 880 docuerunt,

125 911 226 988 atque
244 891 394 978 summus
415 892 648 990 explicationis
670 915 748 964 cum
763 894 972 990 experientia
991 893 1167 969 consensus
1187 895 1466 992 deprehendatur,
1491 895 1557 968 du-

124 993 219 1067 bium
245 997 310 1067 stit
329 993 462 1066 nullum
487 993 571 1090 quin
593 989 653 1064 ista
673 994 850 1089 explicatio
870 990 909 1067 stt
929 998 1137 1092 genuina&
1160 995 1227 1069 sola
1248 1020 1339 1069 veta.

174 1097 207 1189 ξ.
235 1098 269 1170 8.
322 1091 494 1184 Quamvis
513 1114 627 1166 autem
649 1096 748 1167 certis
769 1097 899 1169 viribus
919 1096 1027 1169 Lunae
1046 1121 1084 1168 ac
1103 1097 1177 1170 Soli
1204 1097 1392 1171 tribuendis
1415 1093 1557 1170 Phaeno·

123 1221 249 1272 menon
272 1193 500 1274 aellltsMaris
518 1193 698 1268 commode
719 1197 878 1292 explicari
896 1193 1024 1296 pollet,
1050 1213 1163 1270 tamen
1181 1199 1227 1268 ob
1246 1199 1333 1268 hanc
1354 1187 1457 1270 solam
1479 1223 1558 1272 cau-

123 1297 191 1370 um
205 1295 391 1371 illiusmodi
405 1299 494 1371 vires
507 1293 649 1369 statuere
665 1296 766 1367 nimis
782 1296 893 1369 audax
906 1298 1056 1370 videtur:
1082 1301 1302 1395 quamobrem
1315 1299 1480 1394 imprimis
1491 1301 1556 1374 erit

122 1399 384 1498 dispiciendum,
409 1421 493 1471 num
506 1396 578 1470 aliae
600 1395 746 1470 rationes
765 1395 932 1490 ejusmodi
950 1399 1040 1472 vires
1064 1423 1135 1470 non
1157 1397 1265 1471 solbm
1282 1400 1472 1488 admittant,
1499 1399 1557 1474 sed
1593 1464 1598 1473 .

123 1503 226 1572 etiam
254 1501 336 1572 ablu
361 1495 503 1574 existere
533 1492 708 1584 manifestd
731 1498 892 1572 indicent.
944 1497 1184 1580 Perlulltemus
1209 1500 1314 1596 igitur
1337 1501 1444 1582 sues,
1470 1521 1555 1596 quas

121 1601 188 1694 jam
202 1602 339 1674 aliunde
358 1602 393 1672 in
409 1597 539 1672 mundo
555 1599 674 1695 vigere
691 1599 866 1692 novimus,
893 1598 1162 1698 sciscitemutque
1176 1601 1290 1698 paucis
1310 1601 1409 1672 anad
1422 1621 1557 1675 motum
1636 1667 1640 1672 .

122 1704 336 1801 reciprocum
358 1701 500 1776 Oceano
521 1700 755 1774 inducendum
771 1695 836 1773 smt
856 1703 1000 1775 idoneae:
1027 1701 1107 1775 tales
1129 1701 1222 1774 enim
1239 1702 1328 1775 vires
1352 1695 1377 1770 st
1401 1701 1437 1773 in
1457 1724 1563 1775 mun·-

123 1805 168 1875 do
190 1805 260 1897 jam
283 1825 422 1891 extent,
448 1801 559 1872 omnis
581 1800 674 1872 labor
696 1801 734 1871 in
752 1801 825 1873 aliis
844 1802 1055 1897 inquirendis
1084 1799 1254 1899 impensus
1279 1802 1391 1873 irritus
1412 1802 1499 1874 foret
1518 1825 1556 1874 ac

121 1903 294 1977 ridiculus.
347 1901 405 1976 Ac
426 1901 539 2000 ptimd
561 1900 701 1998 quidem
719 1895 744 1972 st
768 1901 884 1976 Solem
907 1901 1096 2000 spectamus
1105 1953 1118 1992 ‚
1151 1926 1266 1975 motus
1284 1900 1402 1974 Terrae
1423 1926 1555 1987 annuus
1574 1903 1578 1909 ’

122 2005 265 2078 omnind
288 2001 433 2077 declarat
456 1999 601 2076 Terram
618 2003 785 2098 perpetu&
808 2003 928 2076 vetslts
949 2005 1066 2079 Solem
1087 2004 1201 2101 urgeri
1225 2003 1265 2076 δι
1290 1997 1381 2097 quafi
1398 2005 1554 2094 attrahi,

120 2105 227 2200 idque
251 2103 374 2178 fortibs
394 2105 435 2176 in
455 2105 582 2176 minori
602 2099 783 2194 distantia,
821 2105 965 2179 debilius
992 2105 1077 2179 verb
1099 2107 1135 2178 in
1164 2105 1282 2197 majori
1294 2125 1308 2192 3
1341 2127 1442 2199 atque
1467 2105 1555 2177 aded

120 2207 208 2278 hanc
233 2205 323 2280 Solis
338 2207 411 2278 vim
432 2207 471 2277 in
492 2203 637 2279 Terram
656 2206 824 2278 tationem
842 2226 957 2280 tenere
975 2207 1181 2303 reciprocam
1204 2204 1409 2302 duplicatam
1431 2201 1554 2276 distan-

120 2306 263 2378 tiarum:
288 2332 332 2380 ex
355 2331 427 2404 quo
446 2302 564 2402 sponte
591 2305 740 2400 sequitur
758 2331 828 2377 non
850 2305 959 2378 solltm
984 2306 1173 2380 universam
1195 2304 1353 2391 Terram,
1378 2303 1437 2378 sed
1453 2306 1556 2376 etiam

120 2401 266 2503 srngulas
294 2407 366 2500 ejus
389 2429 499 2506 partes
521 2407 687 2503 perpetud
714 2407 832 2479 versus
858 2407 975 2483 Solem
1003 2410 1128 2504 urgeri.
1180 2405 1274 2480 Tota
1301 2403 1444 2501 quidem
1467 2401 1555 2476 Tet-
1668 2485 1669 2490 η

119 2530 156 2579 ra
176 2507 276 2603 aeque
296 2505 428 2580 fortiter
453 2509 497 2580 ad
520 2508 637 2582 Solem
667 2506 883 2596 sollicitatur,
919 2533 957 2581 ac
979 2503 1004 2578 fi
1025 2510 1137 2580 omnis
1160 2510 1299 2587 materia
1323 2506 1360 2578 in
1383 2506 1454 2598 ejus
1478 2529 1556 2578 cen·

119 2631 171 2680 tto
192 2603 275 2686 effer
298 2605 454 2704 congesta
465 2634 477 2690 3
510 2610 647 2682 interim
663 2631 777 2684 tamen
798 2632 906 2707 partes
937 2611 1024 2682 circa
1048 2605 1259 2706 superficiem
1281 2603 1348 2680 srtae
1368 2607 1426 2680 vel
1445 2607 1554 2703 magia

118 2709 176 2784 trel
196 2710 312 2784 minlts
333 2711 377 2783 ad
397 2709 513 2782 Solem
533 2709 721 2782 allicientur
728 2761 741 2798 ,
776 2709 882 2805 quarn
906 2713 1019 2783 toturn
1041 2708 1159 2784 Terrae
1185 2733 1335 2808 corpus,
1359 2709 1475 2803 prouti
1497 2705 1559 2782 vei

119 2812 234 2884 minlrs
252 2810 309 2908 vel
332 2811 442 2906 magis
462 2805 526 2881 smt
547 2831 684 2882 remotae
706 2808 727 2882 a
744 2810 845 2896 Sole,
870 2809 978 2907 quim
999 2833 1153 2884 centrum
1176 2809 1302 2900 Terrae.
1368 2809 1467 2882 Hine
1488 2807 1554 2902 igi-

120 2931 176 2986 tur
198 2908 261 3002 ftt,
287 2935 327 2984 ut
357 2914 430 2984 haee
451 2911 570 2984 eadem
591 2913 644 2982 vis
668 2914 713 2982 ad
732 2911 848 2984 Solem
873 2913 1016 2986 tendens
1038 2935 1161 3009 aquarn
1186 2936 1221 2982 m
1277 2911 1286 2935 ⁸
1316 2910 1424 3006 magis
1447 2908 1556 2979 modd

119 3015 233 3086 minus
254 3015 375 3099 trahat,
403 3035 447 3086 ex
466 3011 534 3106 qui
555 3011 680 3102 alterni
701 3009 835 3086 actione
854 3035 966 3088 motus
988 3015 1178 3109 reciprocus
1197 3016 1209 3086 i
1284 3011 1385 3084 luidis
1408 3002 1555 3093 necell'a·

118 3113 169 3183 tid
191 3113 278 3184 oriri
298 3113 408 3188 debet.
470 3111 647 3202 Quocirca
673 3110 733 3184 ista
757 3114 847 3185 Solis
872 3117 925 3186 vis
949 3112 1161 3212 inpraesenti
1186 3113 1328 3210 negotio
1355 3111 1555 3204 neutiquam

119 3215 255 3312 negligi
282 3215 431 3310 poterit,
464 3213 543 3284 curn
573 3238 634 3298 ea,
668 3207 694 3282 st
720 3209 808 3284 forte
834 3212 903 3285 sola
925 3213 1056 3286 causam
1079 3213 1174 3289 alliis
1200 3213 1309 3286 Maris
1336 3235 1407 3283 non
1431 3207 1556 3281 consti-

116 3317 184 3386 tuit
195 3365 208 3403 ,
250 3313 340 3388 certe
372 3309 534 3389 effectum
565 3312 705 3388 aliarum
739 3313 868 3388 vitium
894 3309 1075 3392 netellatid
1107 3315 1237 3394 afficere
1266 3336 1304 3386 ac
1327 3315 1461 3388 turbate
1492 3311 1555 3384 de·

114 3415 201 3488 beat.
1283 3474 1288 3485 .

167 3519 201 3612 ᾗ.
229 3527 271 3612 9.·
324 3513 631 3602 Quernadmodiun
660 3538 774 3592 autem
800 3513 911 3593 Terra
934 3541 1013 3592 cum
1035 3514 1193 3590 omnibus
1217 3513 1282 3588 suis
1305 3513 1455 3612 partibus
1479 3533 1556 3585 vet-

113 3615 174 3690 sbs
199 3616 321 3692 Solem
347 3615 566 3705 sollicitatur,
604 3620 650 3691 ita
675 3643 796 3693 eorum
823 3616 986 3694 sententia
1008 3643 1078 3691 non
1107 3615 1253 3688 multum
1278 3616 1300 3690 *a
1326 3617 1468 3689 veritate
1493 3614 1556 3686 ab·

114 3721 261 3794 horrere
292 3719 451 3802 videtur,
492 3721 553 3814 qui
583 3719 621 3790 in
647 3719 750 3794 Lund
778 3715 919 3797 similent
947 3717 1224 3792 vim'collocant.
1289 3715 1556 3792 Observationes

115 3821 267 3916 quidem
292 3816 487 3913 hujufinodi
511 3820 583 3894 vim
611 3821 649 3891 in
680 3820 783 3895 Luna
814 3817 1142 3912 non'gdemonslrant
1170 3813 1266 3892 sicuti
1286 3819 1322 3890 in
1343 3816 1451 3904 Sole3
1477 3815 1557 3910 clam

112 3945 238 3994 motus
265 3917 384 3994 Terrae
415 3921 453 3992 in
473 3919 583 3994 orbita
617 3918 676 3993 sua
702 3921 846 3998 &Luna
869 3924 1011 3997 omnind
1042 3947 1113 3996 non
1144 3919 1230 3994 affici
1256 3919 1555 4016 deprelrendatura

112 4019 175 4096 sed
202 4019 232 4094 li
257 4023 472 4096 dometimur
491 4023 634 4096 eandem
655 4023 731 4096 vim
749 4025 793 4096 ad
812 4025 949 4098 Lunam
974 4021 1233 4124 respicientem,
1267 4045 1342 4116 quae
1361 4015 1452 4090 aestui
1474 4013 1555 4088 Μα·

110 4126 161 4197 tis
183 4118 470 4222 producendo-stt
488 4147 560 4221 par,
586 4121 623 4196 in
643 4147 741 4196 motu
764 4121 882 4200 Terrae
902 4125 1028 4200 nullam
1053 4119 1238 4199 sensrbilem
1256 4119 1456 4194 anomaliam
1477 4139 1555 4214 pro·

110 4228 252 4300 ducere
281 4223 414 4315 talete,
448 4227 612 4312 audacia,
646 4249 724 4322 quar
742 4221 829 4298 forte
851 4229 888 4298 in
917 4228 991 4300 talis
1013 4226 1066 4298 vis
1092 4219 1287 4299 adtnillione
1308 4215 1481 4292 consistere
1502 4217 1556 4288 vi*

108 4329 281 4416 debatur,
306 4326 452 4414 multum
472 4326 692 4424 mitigabitur.
745 4325 955 4422 Huiusmodi
967 4349 1080 4404 autern
1099 4327 1153 4399 vis
1177 4320 1353 4400 existentia
1366 4319 1438 4390 aliis
1453 4319 1557 4390 tatio·
1641 4409 1647 4416 .

108 4431 251 4516 nibus,
274 4427 367 4500 n'ullo
387 4428 431 4500 'ad
450 4424 565 4502 aestum
589 4424 698 4502 Maris
717 4429 833 4501 habito
852 4427 1031 4527 respedlu‚
1071 4427 1146 4501 satis
1171 4424 1258 4498 clarb
1283 4421 1395 4500 evinci
1409 4413 1529 4592 ¹potest
1541 4437 1555 4505 ;

105 4531 200 4625 quia
220 4528 318 4602 enim
338 4529 469 4603 nullum
494 4527 542 4604 est
561 4529 726 4618 dubium,
752 4531 836 4628 quin
856 4530 958 4604 Luna
980 4533 1024 4606 ad
1042 4527 1187 4604 Terram
1208 4522 1392 4600 constanter
1424 4538 1556 4605 teratur,

103 4635 157 4704 ob
196 4627 428 4726 aequalitatem
459 4630 601 4705 aetionis
631 4633 671 4706 bt
708 4632 888 4706 rendlionit
921 4631 1066 4706 Terram
1101 4653 1241 4728 quoque
1274 4623 1393 4710 versiae
1419 4621 1557 4697 Lunam

98 4732 199 4836 pelli
232 4725 363 4811 mteffe
386 4728 444 4828 alb
495 4729 655 4836 Namque
684 4730 709 4810 st
739 4759 927 4912 ponamusO
937 4733 1174 4920 Splepenitbs
1198 4727 1352 4828 sublato,
1376 4721 1557 4899 Terraessp
