4380 5678
796 235 808 300 l

564 471 648 565 252¹
747 453 837 530 Da
889 454 1127 532 Cauta
1178 445 1500 528 l’rrrarct
1553 449 1835 528 Factus
1951 525 1953 530 .

571 582 709 656 ricularr't
731 583 764 652 'P
786 579 904 655 verulae
929 599 1083 652 centrum
1106 573 1223 648 Terrae
1245 569 1358 671 estque
1386 571 1455 648 fere
1480 574 1618 669 aequalis
1663 621 1682 632 -
1844 569 1847 574 ’

569 678 631 780 ipsr
659 681 768 769 1⁰13
808 665 999 779 posterioris
1030 701 1104 772 part
1139 675 1219 747 ΤΕ
1255 677 1413 747 omnibus
1447 676 1618 770 particulis

573 784 783 866 communit,
817 785 857 856 bt
900 777 961 855 libi
993 775 1123 875 semper
1156 777 1330 874 parallela,
1363 799 1498 847 motum
1523 799 1619 871 aquae

438 949 441 962 .
575 883 646 956 non
667 887 806 972 turbar3
844 882 944 954 altera
966 879 1048 953 verd
1074 904 1146 976 pars
1168 878 1246 950 ΤΘ
1271 873 1318 950 est
1334 878 1439 972 quim
1464 877 1620 972 proxime

578 985 713 1082 :qualis
728 979 789 1082 ipfi
817 981 950 1082 3PM:
977 981 999 1028 *
1023 979 1193 1077 Imprimis
1213 981 1318 1076 igitur
1338 981 1559 1074 quaerendum
1573 973 1621 1051 est

579 1109 735 1182 quaenam
763 1085 884 1157 debeat
906 1077 971 1156 elle
993 1077 1103 1179 figura
1128 1079 1245 1154 Terre
1269 1077 1382 1152 fluidae
1404 1078 1498 1171 cujus
1518 1082 1621 1177 parri·

582 1186 666 1260 culte
688 1185 806 1264 uertite
825 1184 856 1257 se
878 1184 998 1256 mutui)
1017 1185 1186 1278 gravitant
1204 1183 1334 1254 viribus
1357 1183 1393 1250 in
1416 1181 1550 1252 inversa
1570 1183 1624 1253 di-

580 1283 775 1360 stantiarum
797 1286 949 1366 rarione,
974 1283 1143 1380 duplicare
1166 1281 1453 1367 decrescentibus,
1480 1303 1623 1379 qua-que

514 1463 519 1472 ,
581 1383 679 1461 strnul
698 1390 866 1485 agitantur
891 1387 1021 1458 duabus
1044 1386 1172 1456 viribus
1194 1385 1384 1470 extraneis,
1411 1405 1555 1478 quarum
1577 1383 1624 1456 al·
1671 1365 1748 1437 ··²
1799 1385 1811 1395 '

582 1509 655 1564 reta
686 1490 804 1562 versut
835 1509 988 1560 centrum
1013 1485 1049 1556 Τ
1073 1485 1255 1580 dirigitur,
1295 1480 1409 1579 estque
1433 1483 1561 1582 semper
1586 1506 1625 1556 ut

582 1591 663 1664 'PT
686 1587 842 1662 distantia
861 1587 1030 1684 particula:
1053 1583 1074 1660 'a
1100 1609 1240 1672 centro,
1267 1586 1368 1658 altera
1386 1589 1456 1681 agit
1476 1589 1511 1656 in
1533 1585 1625 1659 recia

584 1686 647 1786 ipsr
668 1692 740 1763 ΤΕ
761 1689 915 1788 parallela
933 1683 1047 1782 estque
1067 1688 1110 1758 ad
1133 1689 1280 1782 priorem
1295 1709 1332 1760 ut
1351 1713 1370 1787 3
1386 1691 1471 1758 PM
1485 1689 1529 1760 ad
1545 1687 1622 1758 ΡΤ.

587 1788 819 1866 Ostendemus
847 1813 959 1862 autem
983 1788 1142 1861 serlione
1171 1784 1322 1882 sequenti
1349 1786 1496 1886 figuram
1526 1789 1625 1885 hujus

585 1889 704 1964 Fluidi
727 1889 791 1967 else
816 1889 967 1963 accurate
987 1889 1223 1985 Sphaeroidem
1245 1913 1321 1985 quae
1344 1893 1497 1986 gignitur
1524 1917 1626 1964 revo-

587 1992 719 2067 lutione
748 1989 911 2092 Ellipseoc
943 1990 1032 2063 circa
1059 1987 1178 2062 Axem
1206 1988 1445 2075 transversum,
1472 1987 1495 2060 sr
1518 1989 1627 2066 Terra

588 2093 795 2193 supponatur
820 2091 1034 2165 uniformiter
1063 2082 1189 2177 densa3
1232 2115 1334 2188 atque
1361 2093 1442 2162 hinc
1463 2093 1628 2165 calculum

467 2229 469 2236 ⁴
588 2195 703 2268 motin
735 2193 842 2268 Maris
867 2219 911 2267 ex
940 2193 1088 2266 motibus
1119 2186 1305 2268 coelestibus
1335 2193 1502 2267 deducere
1525 2219 1628 2268 cona-

585 2300 713 2372 bimur.
919 2300 922 2309 '
1134 2343 1141 2348 -

646 2397 912 2474 Observandum
938 2419 1053 2472 aurem
1086 2398 1165 2469 alias
1195 2396 1305 2470 cauus
1337 2397 1424 2469 cons
1441 2400 1524 2472 itare
1546 2401 1590 2471 ad
1624 2422 1737 2473 motus
1761 2396 1868 2471 Maris
1900 2397 2023 2496 produ*

587 2503 721 2576 aendor
747 2524 824 2572 cum
847 2501 1006 2596 inaequali
1032 2501 1197 2594 gravitate
1220 2500 1366 2593 partium
1428 2525 1510 2572 errat
1530 2503 1647 2586 vertite
1672 2503 1808 2574 Lunam
1835 2503 1874 2572 dc
1900 2499 2022 2574 Solem.

587 2599 715 2675 Motus
735 2599 853 2674 Terrae
874 2603 1015 2672 diurnus
1044 2599 1130 2671 circa
1154 2596 1272 2672 Artem
1294 2597 1390 2672 suum
1418 2603 1518 2672 variis
1545 2605 1656 2676 modis
1687 2599 1804 2676 aestum
1826 2598 1932 2672 Maris
1954 2598 2025 2670 effi·
2154 2613 2155 2618 ’

588 2725 670 2776 cere
693 2703 850 2784 viderur,
877 2725 995 2797 prater
1015 2700 1113 2772 illum
1134 2698 1154 2772 a
1178 2698 1355 2772 Newrono
1378 2711 1612 2786 memoratum,
1637 2728 1707 2801 quo
1729 2699 1825 2774 aestus
1846 2703 1889 2771 ad
1910 2703 2025 2772 horam

587 2803 748 2880 lunarem
776 2799 953 2876 secundam
973 2823 1030 2876 aut
1056 2803 1191 2874 tertiam
1213 2803 1407 2874 retardatur.
1479 2827 1508 2878 r.
1528 2801 1652 2878 AEstus
1674 2799 1714 2875 fir
1734 2801 1835 2900 pauld
1861 2802 1968 2896 major
1982 2801 2026 2872 ob

590 2906 670 2980 eim
691 2903 914 3001 centrifugam
945 2905 984 2976 δι
1016 2898 1162 2996 figuram
1183 2899 1467 2996 sphaerbldicam,
1493 2929 1536 2978 ex
1564 2928 1663 2978 motu
1687 2901 1806 2977 Terre
1822 2903 2026 2988 oriundam,

594 3005 676 3079 cltm
709 3008 781 3077 haec
801 3009 854 3077 vis
879 3003 982 3100 paul&
1006 3003 1112 3094 major
1142 3004 1262 3074 evadat
1290 3006 1326 3074 in
1360 3007 1509 3098 partibus
1531 3003 1637 3078 Maris
1654 3005 1836 3078 altioribus
1864 3003 1970 3099 quarn
1992 3005 2027 3073 in
2138 3045 2148 3078 ο

587 3101 864 3204 -deptellioribun
916 3129 953 3180 2.
971 3104 1076 3184 ,Clam
1098 3101 1205 3174 Maria
1226 3100 1320 3175 tellus
1344 3103 1448 3176 fertur
1465 3107 1521 3178 vel
1543 3105 1563 3177 ὲ
1585 3103 1733 3179 Meridie
1749 3105 1868 3178 verslts
1888 3105 2028 3202 Septen·

597 3210 772 3293 trionem,
797 3207 854 3281 vel
878 3205 996 3279 contra
1020 3204 1042 3278 ὲ
1064 3204 1300 3300 septentrione
1317 3204 1434 3278 vertite
1456 3205 1667 3295 Meridiem,
1703 3209 1823 3278 incidit
1842 3207 1879 3277 in
1905 3219 2029 3302 aquas,'
2155 3237 2156 3248 ¹

524 3315 538 3336 ⁸
597 3331 675 3406 quae
699 3308 835 3382 diversa
859 3307 1039 3382 velocitate
1061 3307 1148 3404 circa
1172 3301 1289 3380 Artem
1308 3303 1426 3379 Terrre
1448 3308 1694 3396 revolvuntur,
1729 3331 1830 3404 arque
1849 3307 1932 3377 hinc
1954 3327 2029 3377 mo·
2155 3327 2156 3356 l

597 3433 655 3484 tur
683 3429 793 3484 novos
817 3411 899 3482 cieri
922 3401 1049 3482 necesse
1069 3403 1116 3479 est
1128 3458 1140 3493 ,
1154 3429 1204 3478 'ut
1229 3401 1340 3504 postea
1362 3409 1523 3481 dicemur.
1576 3407 1682 3480 Porrb
1705 3407 1891 3481 secundum
1909 3405 2031 3480 Theo·
2155 3409 2156 3420 ’

597 3513 685 3583 riam
709 3511 909 3606 gravitatis,
948 3511 1002 3581 vie
1024 3507 1093 3602 qud
1115 3506 1283 3603 particulae
1314 3505 1421 3579 Maris
1454 3529 1617 3606 urgemur
1641 3511 1758 3583 versit-t
1785 3507 1930 3582 Terram
1953 3505 2032 3580 soli·

592 3612 704 3698 dam,
729 3614 751 3700 (
760 3633 835 3706 quae
851 3608 940 3703 aqui
961 3608 1064 3702 longe
1088 3601 1221 3680 densror
1247 3603 1294 3679 est
1302 3611 1323 3695 )
1352 3606 1483 3704 superat
1504 3613 1576 3682 vim
1598 3611 1668 3706 qud
1691 3611 1808 3683 versus
1832 3631 1956 3704 aquam
1979 3631 2034 3679 ur·

600 3733 736 3810 geratur.
790 3705 889 3783 Vires
912 3709 976 3782 illae
990 3707 1239 3802 lunequidem
1266 3709 1412 3802 exigue,
1437 3711 1516 3782 clam
1534 3733 1650 3784 autern
1670 3713 1760 3784 viret
1782 3712 1906 3806 quibus
1935 3709 2035 3782 Luna

602 3811 730 3887 &Sol
761 3813 798 3884 in
819 3832 921 3905 aquas
950 3829 1081 3906 agunt,
1119 3810 1156 3878 in
1186 3810 1425 3906 experimentis
1458 3813 1684 3908 pendulorum
1711 3815 1750 3884 &
1776 3809 1897 3884 staticis
1925 3810 2035 3883 nulloe

602 3913 793 4011 producant
818 3905 957 3984 effeetus
982 3905 1168 3996 sensibiles,
1194 3932 1304 3982 tantos
1329 3933 1441 3984 aurem
1458 3935 1571 3986 morus
1589 3915 1633 3986 in
1654 3916 1751 4009 aquit
1775 3913 1909 3987 Oceani
1929 3935 2036 4009 gene·

601 4034 698 4100 rent,
726 4007 882 4188 spspicari
902 4010 981 4090 licet
995 4012 1094 4087 -uiree
1112 4009 1256 4084 tantillae
1266 4012 1319 4086 ad
1339 4037 1564 4111 aquemorus
1580 4017 1754 4116 augendos
1772 4013 1885 4112 aliqud
1902 4037 1947 4087 ert
1964 4035 2038 4112 par-

527 4135 531 4142 ’
597 4137 642 4191 re
666 4139 731 4190 con
757 4137 866 4190 ucere.
981 4153 985 4161 ·
1342 4133 1345 4142 ’
2058 4135 2060 4138 ·

499 4317 506 4326 -
639 4298 668 4352 e
687 4297 740 4361 va
763 4297 824 4362 baec
842 4297 927 4381 pana
942 4298 1035 4379 major
1055 4281 1097 4362 en'
1116 4297 1135 4360 r
1155 4298 1331 4380 patretur
1350 4301 1386 4366 tt
1407 4301 1438 4364 n
1461 4253 1542 4380 aa,
1563 4303 1658 4366 rena
1678 4301 1763 4365 aare
1778 4299 1919 4371 oront,
1939 4301 2039 4367 att-01

381 4371 389 4393 ¹
606 4371 676 4440 rin
693 4391 774 4456 parte
791 4379 876 4442 Luae
890 4378 1014 4454 arati,
1030 4377 1106 4444 unde
1127 4377 1233 4444 attrito
1252 4377 1377 4444 babetur
1395 4381 1513 4462 equalis
1531 4376 1583 4460 ips
1605 4383 1713 4460 ΠΜ.Δ

1464 4758 1516 4802 ’·
1637 4767 1668 4787 ”
1760 4796 2054 4906 „necno
