4558 5676
605 431 684 524 670
919 413 1361 516 Pnrt'osornrn
1398 422 1771 508 Narunnurs

407 567 572 706 nlillllss
594 559 712 642 solem
747 551 926 645 incidere.
989 575 1005 662 (
1019 569 1065 658 ο)
1092 567 1155 645 Sic
1186 573 1301 645 etiam
1330 565 1439 646 stellae
1466 565 1577 658 fixae,
1609 585 1700 672 quae'
1713 540 1893 670 paulatim
1921 577 2025 678 expi.

409 671 558 786 „uf
595 709 678 760 rant
707 687 746 759 in
783 684 909 761 lucent
938 693 978 763 dc
1016 709 1201 789 vapores,
1245 692 1408 764 cometis
1437 689 1475 766 in
1505 681 1595 790 ipsus
1633 677 1889 778 incidentibus
1918 683 2025 768 refici
2121 754 2127 764 .

592 791 765 908 possunt,
797 811 836 879 bc
870 827 977 878 novo
997 805 1180 881 alimento
1203 799 1368 882 accensa
1396 827 1464 907 pro
1489 803 1597 880 stellis
1625 805 1733 878 novis
1762 800 1903 886 habeti.
1936 807 2023 886 Hu-

592 919 649 1022 jus
671 923 820 1024 generis
842 919 924 1012 lunt
952 922 1061 1000 stellae
1089 919 1201 1013 fixa,
1235 947 1319 1027 quae
1345 915 1467 998 subito
1500 939 1701 1023 apparent,
1745 915 1785 998 iit
1813 916 1883 1000 -sub
1910 929 2020 1004 initio

485 1107 486 1112 ι
595 1060 714 1143 quam
739 1034 905 1114 maxime
934 1032 1160 1144 splendent,
1203 1047 1243 1118 δι
1267 1026 1422 1116 subinde
1443 1037 1624 1144 paulatim
1646 1035 1883 1119 evanescunt.
1948 1044 2025 1121 Ta·

595 1157 639 1234 lis
669 1151 738 1232 fuit
763 1153 864 1232 stella
892 1160 931 1232 in
958 1149 1140 1237 cathedri
1167 1153 1387 1260 Caffiopeiae
1413 1179 1530 1262 quam
1560 1148 1738 1228 Cot'neitus
1773 1152 1929 1234 Gemma
1958 1183 2025 1238 oc·
2135 1225 2143 1236 .

477 1369 479 1372 ¹
598 1297 691 1354 ravo
725 1267 945 1348 Nouembris
982 1299 1123 1376 1572,
1154 1267 1344 1352 lustrando
1371 1273 1475 1349 illam
1503 1271 1595 1350 coeli
1625 1295 1769 1376 partem
1793 1278 1905 1356 none
1931 1263 2024 1354 sese-

590 1419 647 1473 na
686 1391 845 1468 minime
882 1385 1000 1476 viditt
1046 1414 1084 1470 at
1118 1393 1230 1472 nocte
1262 1391 1438 1496 proximi
1473 1388 1668 1480 (nonem.
1698 1397 1766 1500 9..)
1804 1388 1900 1472 vidit
1940 1393 2023 1502 fixit

601 1503 780 1588 omnibus
804 1503 1121 1615 splendidiorem,
1154 1519 1194 1588 δι
1223 1510 1309 1586 luce
1342 1505 1402 1588 sui
1422 1512 1484 1584 vix
1504 1497 1707 1584 cedentem
1738 1516 1879 1604 veneri.
1910 1511 2025 1590 Hunc

598 1617 717 1734 Tyrio
744 1621 916 1702 Bradaeus
940 1619 1036 1704 vidit
1065 1620 1274 1704 undecimo
1291 1617 1457 1724 ejusdem
1480 1622 1614 1702 mensu
1633 1620 1697 1700 ubi
1717 1625 1884 1705 maxime
1907 1629 2025 1734 splen.

603 1737 716 1826 duitr
741 1753 802 1824 ’δι
829 1771 877 1823 ex
906 1767 954 1822 eo
977 1765 1152 1849 tempore
1182 1744 1362 1850 paulatim
1390 1735 1674 1822 decrescentem
1706 1741 1891 1850 &spatio
1918 1770 2026 1822 men.

602 1859 709 1940 srum'
732 1854 920 1940 sexdecim
951 1857 1239 1941 evanescentem
1268 1857 1490 1938 observavit.
1552 1854 1685 1938 Mense
1714 1850 1929 1956 Novembri,
1959 1857 2025 1939 ubi

556 2087 558 2092 ι
603 1976 771 2088 primum
804 1983 1000 2087 apparuit,
1035 2005 1213 2060 venerem
1238 1980 1325 2058 luce
1351 1971 1414 2058 ‘suti
1439 1974 1625 2083 aequabat.
1695 1970 1832 2058 Mense
1866 1977 2030 2056 Deccm-

1971 2089 2035 2174 bri¹

643 2303 658 2382 (
667 2305 704 2379 e)
745 2319 807 2378 ¹74·
839 2301 919 2360 *nt
939 2306 1021 2362 etiarn
1035 2301 1119 2380 stede
1134 2299 1205 2382 fixa,
1245 2303 1293 2361 De
1344 2302 1400 2362 sarn
1423 2300 1570 2362 revolvere
1590 2299 1731 2378 planetam
1755 2299 1879 2378 aliquant
1906 2299 2028 2378 iugentia

532 2369 541 2390 ’
602 2378 744 2440 llellatunt
766 2378 970 2438 variationibus
992 2383 1128 2438 nonnulla
1152 2379 1201 2436 hic
1226 2377 1292 2436 alie-
1343 2377 1426 2436 molis
1444 2397 1491 2436 aut
1508 2395 1650 2436 conterant
1673 2378 1700 2434 in
1718 2377 1811 2436 orbiti
1833 2380 1913 2436 talde
1928 2396 2029 2438 excen-

602 2475 693 2516 remu,
710 2473 772 2532 quar
793 2452 880 2514 habet
901 2453 1014 2513 cratin.
1035 2457 1073 2512 D.
1098 2457 1142 2511 De
1162 2457 1293 2528 Mattper·
1346 2453 1417 2512 tritri
1436 2457 1460 2509 dr
1481 2455 1515 2510 ad
1533 2470 1704 2528 equatotern
1726 2453 1810 2512 iltllae
1833 2452 1978 2523 inclinatu
2000 2453 2030 2512 in

561 2535 565 2544 “
604 2531 659 2590 tuit·
679 2529 707 2588 in
729 2527 835 2588 eximio
863 2526 1000 2604 opusculo
1024 2533 1059 2588 de
1083 2528 1176 2604 figuris
1204 2533 1294 2587 alito·
1345 2529 1399 2588 bric
1421 2527 1495 2586 enirn
1515 2526 1689 2604 hyporlttfi,
1720 2528 1832 2604 planeta
1853 2533 1888 2588 ad
1915 2531 2028 2602 perihe-

602 2624 663 2666 tum
685 2611 710 2662 dr
736 2605 860 2663 innton.
887 2602 970 2660 Paris.
1001 2623 1045 2664 an.
1073 2623 1153 2674 1734·
1204 2603 1295 2670 Fixas,
1345 2604 1415 2664 lium
1434 2603 1510 2660 suurn
1529 2603 1668 2661 accedent
1691 2602 1771 2677 juxti
1791 2603 2029 2664 attractionitle·

603 2699 664 2755 φιτ
684 2677 744 2739 sunt
759 2677 882 2738 totidem
896 2677 981 2746 solet,
1004 2680 1086 2739 ratiis
1107 2681 1225 2738 donatas
1240 2677 1293 2738 elie
1346 2699 1394 2758 get
1421 2677 1637 2737 inclinationem
1658 2677 1715 2736 litte
1734 2679 1821 2756 planae
1845 2679 2032 2756 pertonant,

601 2755 696 2834 ligurit
717 2763 742 2814 δι
758 2773 793 2813 ex
813 2752 847 2813 it,
862 2754 970 2831 aliquas
993 2756 1027 2818 ad
1047 2756 1163 2832 liguram
1183 2756 1294 2832 planam
1346 2761 1372 2814 δι
1395 2753 1462 2813 hinc
1489 2751 1549 2812 fieri
1573 2754 1681 2832 poterit
1706 2773 1736 2812 ut
1771 2773 1878 2830 patrem
1904 2755 2027 2816 lucidam

602 2835 647 2891 tel
663 2830 810 2908 planitiem
825 2834 963 2889 accedere
980 2851 1036 2888 nort
1052 2849 1198 2919 repugnat.
1221 2829 1297 2887 Nam
1347 2828 1418 2888 disci
1436 2828 1676 2888 nobiiobtersunt
1690 2828 1892 2902 conspiciamur
1911 2851 1970 2908 qne
1990 2834 2030 2891 ob

599 2907 621 2966 ὲ
649 2907 808 2984 t'phaeroide
845 2908 1050 2982 propemodum
1080 2905 1214 2984 lpbaetieo
1245 2925 1295 2980 per
1347 2905 1476 2983 exiguam
1504 2904 1601 2963 latetis
1622 2904 1766 2981 compreffi
1793 2907 1941 2966 cratittietn
1961 2927 2033 2966 ocu-

600 2981 765 3042 innumeros
781 2983 881 3056 gradus
901 2981 1077 3059 dtepretfionir
1098 2981 1192 3040 tersus
1210 2983 1293 3058 polos
1346 2981 1391 3039 los
1409 2979 1518 3038 nostros
1541 2982 1627 3038 antei
1641 2977 1807 3056 effitgiebaa·
1842 2985 1883 3042 Ex
1896 2982 1938 3040 his
1956 2999 2032 3060 quo-

602 3059 717 3116 undem
740 3055 888 3115 devenitur
905 3061 938 3115 ad
958 3060 1069 3132 planum
1091 3057 1257 3123 circulare,
1277 3053 1295 3114 li
1346 3075 1400 3132 qut
1422 3053 1592 3132 intelligitur
1613 3054 1674 3114 fieri
1695 3055 1768 3132 posse
1788 3075 1817 3114 ut
1838 3055 1914 3116 circi
1931 3063 2033 3131 plane·

601 3133 741 3192 contituti
764 3129 886 3191 varietur
910 3132 1050 3190 tatio‘tit
1074 3123 1240 3220 centristtgae
1260 3133 1294 3191 ad
1347 3147 1402 3190 tant
1425 3149 1620 3218 congregetur
1644 3131 1759 3190 annulus
1786 3131 1889 3191 saturni
1924 3133 2031 3192 annulo

625 3209 783 3273 raritatem,
809 3226 840 3264 ur
857 3225 934 3284 patet
951 3227 985 3266 ex
1000 3228 1072 3266 nunt.
1091 3223 1134 3277 5⁶.
1165 3209 1228 3266 'His
1244 3226 1295 3282 po·
1345 3206 1458 3272 similit,
1484 3209 1503 3264 lt
1529 3213 1628 3281 nempe
1651 3225 1764 3266 cometa
1788 3209 1867 3285 cujus
1884 3213 1974 3268 cauda
1997 3229 2033 3267 ex

602 3225 660 3343 ln,
671 3319 681 3350 ,
708 3281 782 3342 tatio
805 3283 885 3342 reddt
906 3288 1014 3361 poterit
1031 3301 1080 3343 cur
1094 3281 1153 3342 fite
1168 3287 1294 3362 quadam
1348 3283 1498 3358 vaporibus
1510 3281 1678 3342 'tenttiffintit
1702 3285 1765 3343 aellu
1784 3284 1850 3340 solis
1871 3285 1899 3344 in
1917 3284 2035 3364 perihe-

605 3378 682 3417 nunc
699 3375 863 3435 appareant,
879 3377 951 3417 nunc
971 3358 1146 3422 evanescant,
1170 3379 1219 3418 cur
1235 3379 1295 3417 mu·
1347 3359 1389 3416 lio
1409 3355 1528 3416 elevaris
1547 3358 1748 3434 componitur,
1771 3363 1804 3417 ad
1818 3360 1959 3432 planetam
1978 3360 2034 3419 ali·

604 3451 681 3494 terur
704 3433 840 3512 apparent
865 3435 1005 3494 stellatum
1028 3436 1211 3510 quarumdam
1234 3453 1295 3492 nta-
1347 3451 1439 3509 queta
1454 3433 1572 3492 maxime
1594 3445 1740 3511 potentem
1764 3435 1890 3512 proxime*
1908 3438 2033 3494 accede·

602 3511 747 3586 gnitudo,
788 3528 922 3569 necnon
948 3511 1034 3567 etiam
1064 3507 1295 3570 curilellatali·
1346 3527 1400 3570 ret.
1440 3509 1498 3566 Hic
1527 3509 1604 3586 euim
1629 3527 1762 3587 tapetum
1790 3527 1900 3570 torrent
1927 3518 2035 3571 attrac-

605 3603 668 3662 quae
685 3583 761 3661 quast
786 3603 884 3644 recens
907 3583 1031 3645 accense
1052 3583 1124 3644 oriri
1144 3585 1208 3644 vise
1223 3583 1294 3655 lint,
1342 3585 1438 3658 vtionis
1458 3582 1483 3642 ti
1507 3586 1543 3642 ad
1561 3587 1764 3644 revolvendum
1787 3582 1866 3646 circa
1888 3585 2033 3665 planetam

607 3663 734 3736 qttaedtttt
762 3660 828 3719 terd
846 3660 923 3738 quali
947 3661 1075 3720 extinnae
1098 3660 1187 3720 uideri
1207 3661 1297 3721 dede·
1348 3661 1443 3719 annuli
1468 3659 1549 3719 indat
1568 3659 1657 3736 podet
1683 3658 1871 3735 detorqueri,
1899 3660 1957 3718 imo
1977 3661 2035 3720 iut-

607 3735 677 3794 rint.
718 3737 745 3795 si
765 3737 794 3794 in
818 3735 959 3795 stellarum
984 3754 1101 3795 nutnero
1124 3737 1298 3812 reperiantur
1349 3735 1475 3814 poffibile
1502 3753 1559 3792 nort
1587 3734 1664 3796 foret
1687 3733 1776 3808 ipsunt
1797 3737 1912 3823 quoqne
1931 3754 2034 3813 eorpus

606 3811 708 3887 aliquae
736 3812 770 3870 ad
791 3810 905 3895 figurant
930 3814 1038 3888 planam
1059 3813 1241 3878 accedente„
1260 3811 1296 3870 il·
1349 3829 1470 3870 contere
1490 3809 1569 3870 circa
1593 3812 1734 3885 planetam
1756 3829 1814 3890 rapt
1835 3819 1859 3870 dr
1879 3809 1917 3871 lie
1936 3813 2035 3888 plane·

515 3913 517 3920 ·
608 3886 644 3948 12
671 3903 735 3942 num
769 3886 874 3948 factem
908 3891 983 3946 suam
1014 3887 1096 3945 nobit
1125 3890 1299 3953 obvertunt,
1343 3905 1378 3958 =ra
1403 3885 1742 3962 satellitemacqttiteret.
1795 3889 1924 3946 liaberet
1940 3905 2035 3946 autem

608 3959 777 4039 sphaerarum
805 3961 886 4021 instar
919 3969 1101 4040 apparebunt.
1152 3961 1178 4020 Si
1203 3981 1298 4024 autem
1351 3960 1464 4040 planeta
1484 3960 1636 4020 satellitem
1659 3958 1713 4019 fine
1730 3965 1857 4029 annulo,
1879 3960 1897 4021 li
1918 3981 2038 4024 cometa

610 4037 737 4114 respetlu
762 4036 847 4096 nollti
868 4037 948 4096 titum
974 4039 1050 4095 suurn
1071 4036 1300 4115 mtttent,tnagit
1350 4037 1547 4098 destitueretur
1567 4035 1675 4104 caudi,
1706 4035 1925 4116 sedadjictttur
1944 4037 2036 4097 etiam

611 4117 659 4173 tel
681 4115 771 4171 minus
792 4114 930 4173 stellatum
956 4112 1068 4172 illarum
1091 4112 1222 4189 splendor
1246 4115 1299 4173 de·
1350 4115 1488 4176 annulus.
1512 4111 1663 4172 srcotneta
1687 4111 1804 4172 caudam
1823 4111 1970 4174 babuerit,
1991 4133 2040 4172 at·
2077 4179 2079 4182 ,

613 4189 744 4254 crescet,
776 4208 860 4266 prout
891 4190 949 4248 ltoc
972 4190 1015 4246 vel
1044 4186 1096 4246 illo
1126 4191 1214 4249 modo
1243 4189 1300 4248 sese
1351 4191 1405 4266 que
1423 4189 1538 4249 annulus
1553 4186 1645 4248 aderit
1666 4185 1721 4246 fine'
1743 4186 1887 4255 satellite,
1915 4185 2040 4249 stcauda

615 4263 700 4324 nobis
715 4265 885 4332 ostendent,
902 4283 936 4324 ac
955 4265 1067 4322 tandem
1088 4263 1192 4342 exigu'ae
1213 4262 1302 4326 eraffi·
1353 4267 1486 4324 duntaxat
1508 4267 1527 4323 d
1546 4266 1659 4342 planeta
1678 4262 1845 4325 attrahatur.
1886 4265 1954 4322 Hae
1975 4260 2042 4324 sunt

616 4341 671 4400 tiei
694 4343 768 4398 latus
789 4340 985 4400 exhibeant&
1012 4339 1075 4404 satis
1103 4341 1223 4416 lodged
1246 4359 1300 4399 no·
1352 4359 1414 4416 quae
1440 4340 1475 4398 ad
1503 4340 1576 4398 hunc
1606 4337 1747 4398 Newroni
1778 4339 1875 4399 l'ocutn
1903 4337 2041 4416 praecipue

617 4415 661 4473 bit
677 4415 798 4486 dillettt,
818 4417 980 4494 conspectui
998 4413 1094 4473 nostro
1109 4414 1167 4474 sese
1186 4415 1302 4475 omnino
1353 4414 1538 4482 referuntur,
1559 4418 1690 4475 caeterum
1705 4414 1733 4472 itt
1751 4414 1870 4474 laudatis
1895 4411 2040 4492 opusculis

618 4488 781 4552 subducent.
823 4493 982 4566 Quomndd
999 4507 1090 4549 aurern
1105 4490 1163 4550 fnae
1180 4493 1228 4551 tes
1243 4495 1304 4551 editt
1355 4491 1555 4569 elegantiffirna
1575 4491 1638 4554 suut
1659 4488 1836 4567 problemata
1855 4507 1915 4569 quat
1935 4485 2042 4551 cousu-

617 4561 704 4624 noilti
734 4567 901 4643 pofitionetrt
930 4569 1005 4626 snam
1029 4584 1138 4626 mutent
1169 4513 1304 4645 explicari
1355 4567 1397 4630 lat
1419 4566 1531 4629 ledor.
1589 4581 1591 4586 '
1669 4587 1678 4598 ·

617 4639 719 4722 potest,
744 4642 762 4704 fi
782 4663 918 4722 portamus
935 4644 1015 4706 circa
1035 4641 1142 4703 {tenant
1162 4642 1305 4724 compres-
