4318 5682
626 509 706 589 572
894 481 1335 570 Putrosonnrtr
1396 487 1771 582 Naronatts

1920 577 1932 606 0

442 634 592 700 nautu—
618 650 744 710 toturn
774 647 1046 734 apparentem,
1079 618 1280 710 defleslere
1313 631 1433 714 solent
1460 633 1508 716 ab
1536 633 1590 716 his
1616 639 1793 732 circulis,
1829 645 1871 718 δι
1902 637 2050 746 quoties

441 715 596 856 2¹3?
620 769 718 830 tetra
756 766 934 825 movetur
970 755 1008 828 in
1046 775 1163 828 uuam
1200 773 1374 858 patrem,
1407 749 1511 834 abire
1544 762 1583 836 in
1617 779 1766 866 partem
1804 765 2047 835 contrariam.

619 871 754 951 Oritur
786 863 866 944 haec
894 859 1060 948 deflexio
1081 869 1251 950 maxime
1285 897 1333 952 ex
1361 875 1574 982 paradoxi,
1608 897 1808 984 propterea
1836 867 1944 981 quod
1982 870 2047 951 tes

616 979 763 1098 ponder
791 991 913 1066 motui
944 1009 1075 1074 terrae3
1108 1000 1148 1070 δι
1177 989 1326 1097 insignis
1355 995 1432 1095 ejus
1465 1004 1683 1102 quantitas,
1716 1021 1809 1074 meo
1834 1013 2046 1100 computo,

535 1214 538 1220 Ι
617 1108 825 1188 collocavit
856 1097 1084 1211 disparentes
1119 1105 1293 1189 cometas
1329 1113 1414 1190 satis
1444 1113 1559 1221 longe
1589 1108 1684 1193 infra
1721 1115 1864 1216 jovem.
1928 1103 2048 1192 Unde

618 1221 855 1330 consequens
872 1224 924 1302 esi
950 1217 1058 1331 quod
1085 1232 1122 1306 in
1145 1231 1311 1338 perigaeis
1329 1239 1368 1310 &
1391 1229 1595 1338 perilteliis,
1627 1229 1690 1310 ubi
1720 1233 1876 1339 propius
1902 1225 2049 1322 adsunt,

617 1335 854 1424 descendunt
878 1337 1005 1449 saepius
1030 1341 1127 1422 insta
1154 1343 1268 1426 orbes
1297 1350 1433 1429 Martis
1458 1359 1497 1430 δι
1523 1347 1749 1430 inferiorum
1768 1351 2018 1459 planetarum

678 1463 943 1544 Confirmatur
970 1465 1085 1542 etiam
1115 1471 1380 1572 propinquitas
1414 1493 1653 1549 cometarum
1691 1471 1761 1566 (e)
1792 1496 1839 1547 ex
1870 1468 1957 1546 luce
1989 1491 2048 1546 ca·

618 1587 756 1690 pitum.
815 1583 924 1662 ,Nam
957 1573 1129 1688 corporis
1162 1586 1323 1666 coelestis
1363 1587 1383 1667 a
1418 1584 1494 1666 sole
1523 1588 1688 1666 illustrati
1721 1597 1761 1670 δι
1795 1593 1835 1666 in
1875 1590 2049 1694 regiones

619 1700 847 1808 longinquas
871 1697 1069 1795 abeuntis,
1101 1693 1325 1784 diminuitur
1354 1699 1529 1814 splendor
1556 1712 1596 1786 in
1622 1699 1912 1814 quadruplicati
1937 1717 2050 1784 tatio·

619 1846 669 1900 ne
701 1811 908 1900 distantiae:
952 1824 991 1898 in
1021 1812 1212 1928 duplicati
1238 1829 1386 1903 tatione
1420 1817 1596 1905 videlieet
1625 1821 1678 1902 ob
1704 1826 1853 1904 ousiam
1882 1829 2051 1932 corporis

619 1931 833 2019 distantiam
865 1937 887 2016 a
927 1936 1034 2032 sole,
1079 1949 1120 2019 dc
1151 1943 1191 2020 in
1224 1940 1296 2022 alii
1332 1937 1523 2050 duplicati
1558 1947 1706 2022 ratione
1733 1941 1786 2022 ob
1818 1936 2046 2023 diminutam

619 2051 850 2136 diametrum
875 2077 1133 2166 apparentem.
1196 2053 1317 2141 Unde
1347 2062 1372 2142 st
1398 2055 1511 2141 detur
1536 2071 1576 2142 δι
1600 2061 1693 2140 lucis
1708 2069 1902 2169 quantitas
1930 2071 1969 2140 dt
1987 2087 2047 2166 ap-

618 2201 752 2283 patens
777 2169 962 2256 diameter
991 2199 1157 2256 cometa:
1179 2235 1189 2270 ,
1233 2173 1386 2261 dabitur
1410 2174 1615 2272 distantia,
1661 2173 1829 2260 dicendo
1860 2173 1968 2287 quod
1995 2173 2049 2256 di-

617 2295 750 2374 stantia
777 2295 820 2376 stt
848 2290 897 2376 ad
922 2288 1136 2376 distantiam
1172 2298 1355 2404 planetae,
1387 2304 1427 2378 in
1458 2305 1610 2379 ratione
1634 2295 1808 2380 diametri
1834 2291 1886 2377 ad
1905 2291 2044 2376 diame-
2151 2349 2152 2376 t

618 2431 720 2491 trum
751 2405 894 2496 diteiie
921 2424 961 2494 o:
993 2423 1140 2495 tatione
1175 2409 1365 2524 duplicati
1401 2418 1495 2496 lucis
1527 2410 1576 2496 ad
1608 2419 1734 2499 lucem
1765 2413 1927 2497 inverse.
1987 2417 2050 2494 Sic
2151 2405 2152 2466 l

618 2535 780 2614 minima
809 2533 979 2640 capillitii
1007 2559 1170 2614 cometa
1200 2541 1289 2616 anni
1324 2547 1430 2626 1682
1456 2529 1659 2634 diameter,
1686 2563 1753 2646 per
1784 2534 1922 2617 tubum
1952 2541 2049 2642 opti·

1960 2679 2048 2734 cum

556 3007 566 3034 ο
621 2941 737 3004 circulis
754 2943 882 3006 maximis
896 2959 1024 3025 pergere,
1046 2943 1170 3021 quandiu
1192 2962 1309 3006 moven·
1363 2941 1462 3014 tione,
1483 2940 1605 3003 senl'artio
1626 2935 1825 3019 quadradiis
1847 2957 1952 3002 itervm
1975 2933 2050 3018 opri-

623 3036 668 3080 tut
689 3019 832 3090 celerius,
864 3041 894 3081 at
919 3022 948 3080 in
968 3024 1021 3082 line
1041 3023 1135 3081 curtils
1159 3023 1311 3084 deflettete
1361 3043 1412 3084 cos
1435 3019 1660 3102 percutientibus
1684 3018 1844 3083 excitatur>
1863 3019 1905 3076 cll
1932 3038 1962 3077 ut
1984 3037 2051 3095 qur

620 3097 717 3157 soleot
736 3101 771 3158 ab
793 3098 834 3156 his
856 3098 988 3169 circulis3
1021 3098 1081 3158 ltaec
1104 3115 1198 3157 autem
1219 3102 1307 3160 defle·
1360 3095 1763 3158 dtarumdillanriaeinrerse'.
1806 3094 1860 3152 Sed
1878 3095 1938 3172 qud
1962 3113 2052 3153 remor

620 3172 669 3232 ario
690 3175 795 3252 pendet
816 3194 850 3234 ex
869 3173 1110 3254 ipritrajeslotiae
1131 3194 1308 3236 cometarum
1361 3175 1415 3234 tius
1439 3175 1478 3234 est
1504 3171 1650 3236 lucidum,
1678 3189 1714 3229 eo
1742 3170 1895 3256 pauciores
1919 3171 1989 3230 radii
2013 3169 2044 3226 ad

618 3249 767 3311 curvaturi
786 3249 821 3309 de
843 3253 898 3332 quai
923 3251 1011 3311 insta.
1051 3251 1151 3327 Quare
1174 3251 1307 3332 deinceps
1359 3252 1477 3312 oculum
1506 3246 1699 3338 perveniunt,
1740 3249 1827 3324 idque
1851 3247 1880 3305 in
1907 3245 2048 3324 duplicati

617 3328 759 3390 trademus
788 3346 917 3388 normam
945 3329 1072 3406 computi
1095 3347 1154 3404 quo
1183 3327 1308 3390 Newtm
1359 3321 2044 3400 rationedtllaoriatum(locosupra-cit.)ltot

616 3403 864 3480 nus.disparentes
887 3423 1013 3464 cometas
1039 3405 1103 3464 satir
1127 3405 1212 3480 longe
1234 3405 1306 3465 insti
1359 3404 1414 3474 eli,
1447 3405 1474 3462 in
1501 3401 1646 3480 duplicati
1660 3400 1779 3458 tatione
1800 3399 1937 3459 diametri
1964 3421 2045 3474 appta-
2150 3451 2151 3486 p

616 3483 720 3553 Jorem
744 3479 920 3549 collocarit,
945 3483 1140 3558 nonnullaque
1162 3481 1307 3542 asseremus
1360 3480 1447 3541 tentis
1463 3478 1617 3539 diminuta.
1637 3477 1747 3550 Quare,
1761 3477 2046 3552 commacularet·
2150 3487 2151 3540 l

618 3557 747 3634 exempla
766 3573 941 3615 cometarum
959 3559 1007 3631 qui
1026 3556 1099 3617 insra'
1120 3559 1204 3616 orbes
1229 3562 1313 3616 ltlat-¹
1360 3557 1437 3634 poris
1455 3555 1575 3616 coelellis
1596 3557 1614 3614 a
1636 3549 1694 3611 sole
1714 3552 1845 3611 illulltati
1863 3559 1889 3610 dt
1907 3553 1936 3610 in
1957 3550 2048 3624 regio·

618 3631 656 3692 tis
693 3637 718 3690 ἃ
747 3629 916 3691 inferiorum
937 3633 1120 3709 planetarum
1152 3635 1307 3696 descende·
1359 3652 1407 3692 nes
1430 3629 1598 3710 longinquas
1619 3627 1748 3688 abeuntis
1766 3627 1939 3688 diminuitur
1957 3635 2045 3705 {pien-

616 3726 695 3768 aunt.
1359 3709 1412 3768 dor
1450 3709 1476 3766 in
1509 3707 1620 3766 rarione
1648 3703 1868 3781 quadruplicati
1901 3701 2041 3764 distantiae.

655 3786 720 3860 (e)
760 3802 821 3862 ¹35·
847 3785 916 3858 (*l'
944 3791 1068 3842 Exime
1084 3791 1214 3864 capitum.
1256 3787 1307 3846 In·
1360 3783 1417 3844 Erit
1443 3783 1539 3861 iraque
1570 3780 1736 3858 quadrarum
1765 3779 1906 3841 dillamiae
1929 3797 2049 3842 cornert

616 3861 783 3936 colligantur
812 3861 872 3920 duae
894 3857 1051 3938 superficies
1076 3861 1214 3936 sphaerica
1234 3882 1305 3922 con·
1358 3864 1377 3920 a
1404 3861 1464 3920 sole
1494 3862 1528 3919 ad
1566 3859 1734 3935 quadrarunt
1763 3855 1904 3918 distantiae
1932 3859 2049 3936 planete

617 3933 769 4001 contrita,
791 3937 883 3995 minor
905 3936 1081 4014 nummatior
1100 3941 1207 4004 altera,
1230 3945 1254 3998 δι
1277 3938 1305 3998 in
1358 3937 1393 3996 ab
1416 3937 1520 3998 eodem
1542 3935 1570 3994 in
1589 3933 1701 3994 ratione
1720 3931 1879 4012 composui
1899 3953 1933 3994 ea
1955 3933 2047 4008 dupii-

592 4031 719 4074 *centro
743 4011 838 4071 utrius
851 4035 887 4074 ue
907 4011 1090 4074 constiturum
1106 4011 1225 4092 fingatur
1243 4036 1308 4076 cor·
1357 4015 1421 4074 cati
1449 4013 1560 4072 ratione
1584 4009 1717 4070 diametri
1744 4009 1905 4089 apparentis
1929 4025 2050 4072 comete

618 4109 667 4177 pus
692 4086 808 4164 aliquod
832 4035 978 4149 lucidum.
1028 4088 1176 4163 Quoniam
1205 4112 1306 4174 corpus
1355 4089 1391 4148 ad
1415 4091 1585 4149 diametrum
1605 4105 1789 4163 apparentem
1812 4086 2042 4164 planetatoru-

616 4167 688 4226 tllud
722 4162 816 4222 radios
842 4163 904 4224 suos
923 4183 973 4244 per
1006 4185 1121 4225 omnem
1154 4167 1306 4228 circuitum
1360 4165 1440 4225 tione
1474 4165 1546 4226 lucis
1573 4165 1693 4243 planeta
1722 4163 1756 4220 ad
1794 4164 1889 4222 luceru
1917 4181 2044 4222 cometa.

616 4238 769 4304 diffundit.
800 4240 915 4302 evidere
942 4239 980 4299 ell
1005 4241 1125 4301 eandem
1161 4244 1306 4305 radiorum
1357 4239 1730 4302 Undidillantiacomera
1754 4241 1860 4298 &Sole
1883 4239 1922 4298 ell
1945 4239 2045 4298 addi-

614 4316 805 4399 quantitatem
829 4317 858 4376 itt
882 4317 1007 4377 concavi
1030 4317 1174 4390 superficie
1200 4321 1304 4382 utrius·
1357 4318 1484 4378 stantiam
1501 4318 1668 4397 planeraeab
1682 4315 1826 4374 eudemio
1842 4315 1955 4376 ratione
1969 4334 2042 4374 eom·
2149 4325 2150 4392 ζ

613 4415 671 4476 que
694 4392 806 4469 spltaetae‘
822 4392 985 4463 contineri,
1005 4393 1129 4472 idedque
1150 4397 1303 4459 densitates
1356 4391 1445 4474 posti
1469 4413 1502 4454 ex
1519 4394 1631 4454 rarione
1654 4392 1788 4451 diametri
1813 4393 1975 4470 apparentis
1993 4411 2043 4450 eo·
2149 4403 2150 4406 ’

611 4472 760 4532 radiorum
788 4487 871 4530 eruor
898 4471 925 4530 itt
952 4471 1064 4532 ratione
1095 4473 1308 4550 superficierum
1356 4471 1489 4534 metaead
1523 4472 1693 4530 diametrum
1720 4485 1905 4547 apparentem
1926 4473 2045 4546 planet:

615 4545 813 4623 sphaericatum
837 4546 944 4606 inversi
956 4586 965 4614 ,
986 4549 1043 4606 laoc
1058 4549 1120 4616 est,
1141 4547 1169 4608 in
1189 4555 1304 4612 rarione
1354 4551 1381 4608 δὲ
1404 4549 1515 4610 ratione
1542 4543 1742 4626 subduplicati
1762 4543 1847 4610 lucit
1870 4549 1992 4624 planeta
2010 4541 2046 4604 ad

615 4620 760 4701 duplicati
781 4621 1053 4682 semidiantetrorum
1079 4626 1133 4685 stre
1157 4625 1304 4688 dissentia-
1356 4627 1461 4689 luceru
1482 4641 1616 4689 comate·

616 4719 677 4760 turn
704 4701 722 4757 ὲ
749 4713 871 4772 corpote
899 4699 997 4760 lucido
1022 4699 1132 4762 interse'
1159 4703 1228 4776 (ra.
1250 4704 1302 4762 lib.

618 4777 681 4856 ι),
716 4774 819 4854 Quare
835 4773 916 4839 nulls
927 4775 1126 4853 distantiarum
1143 4777 1246 4852 habiri.
1257 4799 1305 4850 aar,
