4558 5676
1298 59 1305 92 l

574 388 659 470 cn.
1042 329 1553 462 ³¹1nntx'

622 521 818 630 gravitate
857 511 1018 596 deorsum
1048 521 1250 598 attractum
1290 519 1389 600 reela*
1430 511 1592 630 ascendit
1627 515 1690 598 uel
1712 515 1918 634 descendat
1958 519 2005 604 dr

628 634 724 749 'quil
761 633 877 716 eidem
915 635 1076 750 resslitur
1102 645 1238 744 partim
1273 644 1311 716 in
1341 643 1482 736 ratione
1515 635 1753 733 velocitatis,
1795 665 1933 751 partem
1965 649 2005 720 in

633 750 792 865 ejusdem
824 763 962 836 ratione
997 753 1211 868 duplicaed:
1253 752 1332 836 dico
1364 752 1485 868 quod,
1515 752 1551 861 fi
1570 754 1698 835 circuli
1730 761 1775 838 a?
1808 753 2004 872 hyperbole

561 870 563 874 ’
633 871 824 954 diametris
848 872 1032 985 paralleloe
1063 879 1167 954 recle
1190 903 1258 988 ,per
1282 860 1561 985 conjuga'tarum
1590 871 1851 954 diametrorum
1879 882 2006 955 termi-

631 973 695 1074 n'os
720 989 925 1093 ducantur,
956 994 1002 1074 «θ’
1026 993 1233 1073 velocitates
1246 991 1319 1101 fine
1348 1018 1390 1072 ut
1410 987 1596 1103 segmenta
1620 991 1787 1105 quadam
1811 991 2006 1109 parallelo.

635 1133 719 1188 rum
746 1107 878 1190 ddato
907 1117 1039 1225 punito
1064 1110 1205 1198 ductat
1253 1135 1412 1225 tempora
1441 1133 1547 1190 eruut
1580 1131 1623 1188 ut
1647 1139 1815 1195 arearum
1830 1109 2010 1223 sellores,
2056 1149 2059 1156 ·

637 1231 742 1309 celles
773 1228 801 1309 a
824 1254 943 1310 centro
966 1228 1017 1310 ad
1027 1223 1300 1345 segmentorunt
1328 1234 1497 1311 terminos
1517 1225 1638 1309 duilio
1662 1225 1802 1342 ubse’iffl
1812 1259 1823 1308 τ
1854 1231 1899 1310 dt*
1928 1257 2010 1333 con·

644 1347 715 1428 tri.
1807 1354 1896 1460 Pag.
1933 1377 2007 1452 125
2042 1356 2046 1364 '

576 1471 728 1556 Prot.
759 1466 877 1550 XIV.
925 1468 1121 1551 Tncon.
1147 1471 1220 1550 XI.
1297 1459 1431 1576 Iisdem
1457 1461 1600 1578 postris,
1630 1460 1710 1544 dico
1733 1463 1827 1576 quod
1841 1473 2011 1580 spatium

640 1577 787 1696 ascensu
810 1583 870 1661 vel
898 1578 1064 1696 descensu
1088 1577 1320 1698 descriptum,
1352 1581 1396 1696 esl
1417 1605 1458 1661 ut
1480 1580 1685 1692 differentia
1701 1613 1794 1665 urea
1813 1611 1875 1698 per
1898 1612 2011 1694 quam
2095 1573 2099 1582 ’
2222 1567 2223 1598 ¹

640 1726 781 1812 tempus
806 1706 1023 1815 exponitur,
1068 1703 1113 1783 «θ’
1140 1730 1228 1783 area
1258 1697 1449 1812 eujusdam
1488 1705 1635 1782 ulterius
1658 1729 1738 1811 qua
1766 1727 1923 1807 augetur
1950 1702 2012 1783 vel

639 1817 866 1903 diminuitur
896 1825 940 1900 in
966 1819 1188 1932 progrefflone
1210 1815 1475 1930 'arithmetied3
1500 1817 1529 1920 fi
1555 1824 1653 1898 vires
1681 1848 1725 1899 ex
1749 1816 1939 1930 tefislentt'd
1966 1823 2012 1904 tl*

636 1944 831 2049 gravitate
857 1937 1050 2042 composta
1070 1936 1270 2051 sumantur
1299 1943 1340 2018 in
1365 1940 1593 2052 progreffione
1618 1936 1852 2044 geometricd.
1932 1966 2007 2046 131

578 2063 651 2146 PR
663 2086 732 2146 01¹·
764 2057 858 2141 XV.
908 2059 1101 2150 Tfleoa·
1132 2061 1234 2146 XII·
1308 2055 1348 2138 St
1374 2047 1485 2136 medii
1509 2055 1668 2162 eleustus,
1686 2061 1731 2136 ἰίι
1761 2059 1853 2140 locis.
1881 2059 2013 2167 ungulis

631 2175 682 2286 fit
705 2169 878 2286 reciproci
913 2197 956 2252 ut
990 2174 1165 2282 dtslantia
1195 2183 1352 2258 locorum
1377 2173 1402 2253 d
1429 2199 1548 2256 centro
1578 2171 1787 2274 immobili,
1807 2176 1924 2288 fitque
1955 2180 2016 2256 vis

645 2297 844 2404 centripeta
870 2297 911 2376 in
938 2290 1132 2406 duplicutd
1155 2299 1294 2374 tatione
1318 2283 1524 2399 denfitutis':
1570 2290 1649 2374 dico
1680 2288 1776 2405 quod
1803 2321 1925 2407 eorpus
1948 2321 2018 2410 gy.

570 2451 578 2461 ·
649 2419 725 2494 rari
756 2407 862 2524 potesl
891 2415 932 2492 in
951 2405 1087 2525 spirali
1110 2441 1191 2526 qua
1217 2408 1337 2495 radios
1360 2439 1478 2494 omnes
1508 2411 1537 2494 d
1569 2433 1688 2494 centro
1714 2409 1779 2494 illo
1806 2411 1930 2495 tuan
1960 2419 2017 2496 in.

650 2523 799 2640 terserat
829 2534 868 2608 in
897 2531 1028 2637 ungulo
1052 2528 1150 2611 doto.
1226 2605 1232 2615 .
1937 2546 2016 2626 146

594 2655 716 2740 Peon.
750 2647 851 2730 xVI.
883 2648 1039 2733 Totos.
1069 2652 1162 2736 XIII
1251 2648 1294 2730 Si
1316 2644 1428 2729 medii
1456 2643 1606 2754 densitas
1632 2647 1783 2730 itt-locis
1800 2646 1953 2760 singulis
1969 2649 2019 2757 fit

652 2759 827 2876 reciproci
856 2786 898 2842 ut
919 2759 1089 2874 drslontia
1118 2767 1273 2846 locorum
1296 2767 1456 2847 docuero
1483 2764 1692 2861 immobili,
1714 2763 1830 2877 fitque
1857 2775 1918 2848 vis
1940 2795 2026 2866 cenq

572 2921 579 2934 ·
651 2889 786 2998 tripetu
825 2875 998 2997 reciproci
1024 2908 1067 2964 ut
1099 2879 1263 2992 dignitus
1296 2885 1467 2996 qualibet
1499 2880 1657 2996 ejusdem
1689 2881 1897 2994 distantia.-
1941 2882 2022 2982 dite

655 2997 752 3116 quod
777 3025 898 3112 corpus
928 3008 1059 3118 gyrari
1079 3001 1187 3115 potesl
1216 3008 1261 3083 in
1283 3001 1417 3118 spirali
1445 3031 1526 3115 qua
1552 2998 1672 3083 radios
1705 3028 1824 3088 omnes
1846 3005 1883 3086 d·
1902 3030 2022 3086 centro

657 3119 721 3202 illo
748 3115 872 3198 ductos
902 3115 1091 3234 intersecat
1121 3127 1161 3199 in
1188 3123 1322 3230 ungulo
1342 3118 1437 3206 doto.
1943 3137 2018 3228 158

595 3244 718 3330 Pnoo.
743 3240 865 3322 XVII.
927 3240 1171 3324 Pnottt..IV.
1242 3239 1413 3320 Invenire
1438 3239 1484 3320 el*
1510 3243 1591 3320 vim
1620 3241 1856 3352 centripetam
1884 3241 1931 3322 dt*
1953 3268 2025 3320 me-

654 3354 711 3438 dii
743 3351 994 3464 refislentinm,
1041 3353 1118 3467 qud
1148 3382 1270 3472 corpus
1308 3363 1350 3440 iu
1379 3353 1473 3440 datd
1495 3350 1653 3473 spirali,
1692 3353 1786 3442 daed
1819 3359 2025 3441 velocitatis

656 3473 733 3586 lege
764 3469 911 3553 revolvi
935 3473 1055 3589 potes.
1831 3547 1835 3550 .
1946 3494 2023 3562 160

594 3587 749 3682 Peon.
778 3595 919 3678 XVIII.
966 3597 1111 3679 Pron.
1136 3597 1185 3680 V.
1272 3589 1389 3673 Dotd
1408 3591 1485 3704 lege
1506 3597 1567 3673 vis
1592 3603 1828 3706 centripeta,
1858 3601 2026 3678 invenite

557 3744 561 3750 .
657 3708 1010 3940 stilbdmfimum
1031 3717 1074 3792 iu
1109 3708 1193 3794 locis
1208 3707 1387 3822 sagulis,
1428 3707 1506 3825 qud
1538 3739 1661 3828 corpus
1695 3709 1824 3798 datam
1848 3710 2026 3829 spiralem

633 3847 650 3935 J
719 3856 768 3907 cre
794 3848 841 3906 et.
1366 3903 1373 3922 .
1945 3847 2020 3916 161

602 3954 751 4040 Prot.
782 3947 888 4034 XIX.
933 3946 1095 4032 Tutore.
1124 3949 1227 4031 XIV.
1287 3943 1415 4028 Fluidi
1439 3944 1644 4059 lromogenei
1668 3953 1714 4034 ρι’
1737 3951 1905 4046 immoti,
1934 3945 2030 4061 quod

661 4071 704 4150 in
731 4059 821 4176 vase
842 4090 1060 4176 ‚quocunque
1094 4070 1241 4154 immoto
1274 4062 1459 4145 clauditur
1486 4067 1533 4149 ὡ·
1564 4065 1727 4183 undique
1749 4071 2030 4182 comprimitur,

661 4205 783 4299 partes
821 4207 939 4263 omues
987 4177 1152 4299 (sepofitd
1189 4179 1499 4297 condensatiouis,
1532 4193 1761 4297 gravitatis,
1807 4189 1853 4271 ὕ
1879 4189 2031 4267 vicium

664 4306 828 4382 omnium
857 4307 1139 4419 centripeturum
1168 4298 1460 4407 confederatione)
1507 4309 1696 4414 aqualiter
1722 4328 1938 4424 premuntur
1965 4334 2032 4386 un.

664 4419 801 4531 dique,
831 4421 878 4506 ὰ
893 4419 970 4532 sone
1001 4429 1112 4544 omni,
1125 4443 1227 4507 motu
1252 4420 1463 4540 dprefflone
1483 4411 1561 4508 ¹illel
1586 4450 1657 4509 orto
1683 4448 1896 4545 permanent
1918 4429 1960 4508 in
1982 4422 2033 4504 lo·

664 4542 717 4625 tis
735 4535 830 4658 suis.
1091 4589 1129 4618 ,ν
1213 4605 1215 4612 .
1955 4553 2033 4626 166

1511 4705 1514 4712 =
1886 4673 1887 4678 '
1930 4663 2035 4746 eno
