4482 5658
605 470 728 536 tractu
845 527 851 541 ,
1007 422 1639 520 INTuoDucuro'

599 577 716 656 fiderit
745 581 767 655 ir
794 581 920 654 vertice
952 601 1031 651 cum
1056 575 1182 674 angulo
1208 569 1329 648 ZPE.
1382 560 1572 642 Innotescet
1609 555 1715 654 igitur
1746 545 1888 648 angulus
1915 531 2038 624 m·
2069 563 2071 568 '

598 689 643 755 ab
654 683 778 780 angulo
793 681 898 764 ZPE,
924 681 1125 753 subducatur
1138 677 1234 747 datus
1251 671 1350 761 SPE,
1374 673 1414 746 δι

602 784 887 880 dabiturangulus
902 781 1000 861 ZPs.
1045 779 1206 876 Denique
1221 778 1417 872 inuiangu-
1840 744 1882 832 Ρ

602 884 639 955 lo
660 885 783 972 ZPS,
810 911 854 956 ex
878 887 963 956 daris
982 884 1114 978 angulis
1135 877 1242 954 PZS
1256 879 1295 950 &
1314 877 1417 962 ZPS,

603 1008 684 1058 curn
707 988 807 1058 latete
829 985 899 1060 ZP
911 1041 920 1066 ,
955 985 1088 1065 dabitur
1111 984 1195 1056 latus
1223 979 1310 1068 ZS,
1336 1003 1416 1052 vera

605 1083 721 1161 fidens
737 1087 895 1160 avertice
917 1081 1071 1158 distantia
1084 1109 1160 1180 quae
1178 1105 1221 1156 ex
1240 1081 1315 1154 visa
1328 1079 1417 1168 ZE,

465 1197 469 1204 '
600 1188 713 1285 ablata
731 1187 899 1283 relinquet
924 1185 990 1259 SE
1006 1187 1199 1281 patallurim
1217 1181 1417 1255 altitudinis.
1452 1144 1507 1226 Η
1961 1175 2012 1262 R

659 1316 722 1391 41·
773 1286 1012 1382 Telescopium
1036 1287 1178 1358 rnautlas
1210 1281 1419 1377 quampluri·
1779 1245 1835 1338 V

604 1415 677 1464 mas
691 1389 866 1464 variabiles
876 1410 953 1484 quae
971 1387 1069 1482 super
1088 1409 1208 1483 corpus
1225 1381 1314 1455 Solis
1335 1381 1492 1471 incedere
1510 1398 1671 1471 videnmr
1686 1391 1844 1482 ostendit,
1870 1412 2041 1467 exertum

606 1525 706 1576 motu
718 1501 822 1575 solem
835 1500 922 1572 circa
936 1500 1113 1597 proprium
1126 1523 1223 1572 axem
1244 1519 1296 1598 25
1316 1497 1338 1588 ξ
1362 1507 1481 1582 diebus
1501 1505 1635 1581 revolvi
1653 1505 1804 1580 infertur.
1840 1501 1884 1576 In
1901 1501 2041 1578 Venere

607 1637 673 1711 pro
693 1612 787 1686 varia
806 1614 877 1706 ejus
899 1616 942 1684 ad
962 1613 1078 1686 Solem
1099 1611 1294 1686 &Terram
1307 1612 1471 1712 posrtione
1491 1610 1606 1712 ph'ases
1627 1614 1767 1688 diversae
1790 1613 2040 1709 conspiciuntur

603 1711 766 1813 -phasrbus
801 1714 994 1787 Lunaribus
1008 1803 1012 1810 ¹
1026 1707 1146 1787 ssmiles
1181 1715 1229 1788 iti
1257 1739 1297 1789 ut
1331 1742 1460 1813 partem
1492 1718 1712 1788 illuminatam
1754 1714 1826 1788 Soli
1854 1710 2041 1785 constanter

604 1820 775 1888 obvertor.
842 1813 1006 1887 Praeterei
1040 1810 1232 1887 Mercurius
1264 1819 1304 1888 &c
1343 1815 1463 1891 Venus
1497 1841 1658 1912 tanquam
1694 1815 1832 1887 maculae
1865 1815 1970 1910 nigra
1999 1815 2039 1884 &

610 1917 767 1988 rotunde
790 1913 920 1988 discum
942 1913 1031 1988 Solis
1055 1915 1204 2008 trajicere
1226 1913 1287 1988 trist
1310 1917 1395 1990 sunu
1458 1915 1565 1991 Unde
1595 1941 1717 1990 notum
1738 1905 1867 1987 saelum
1888 1910 1935 1987 est
1965 1911 2044 1984 Plr-

613 2040 706 2089 netas
725 2017 801 2090 illos
827 2013 892 2088 elle
915 2040 1056 2112 corpora
1082 2041 1186 2111 opaca
1207 2015 1228 2090 ὲ
1248 2017 1327 2090 Sole
1353 2017 1520 2093 illustrata.
1573 2017 1617 2090 In
1641 2017 1750 2099 Jove,
1776 2013 1889 2086 Marte
1910 2039 1948 2084 ac
1971 2009 2044 2086 Vr*

608 2142 694 2190 nere
718 2117 856 2188 macula
882 2115 1063 2190 observarat
1090 2117 1228 2196 fuerunt
1255 2141 1400 2214 quarum
1432 2143 1543 2200 motus
1581 2119 1784 2191 rotationem
1810 2116 1946 2186 illorum
1970 2112 2043 2209 pla·

613 2241 768 2292 netarum
790 2215 880 2288 circi
906 2220 1081 2312 proprium
1105 2241 1203 2290 artem
1222 2223 1349 2315 probat.
1403 2218 1507 2293 Circir
1529 2219 1551 2291 J
1553 2244 1655 2292 ovem
1676 2239 1820 2312 quatuor
1842 2215 1976 2290 revolvi
1989 2215 2045 2283 vi-

611 2321 739 2390 dentur
771 2317 896 2389 lunule
923 2309 1021 2388 levis
1054 2341 1176 2414 corpus
1203 2321 1367 2416 perpetuo
1394 2323 1601 2393 comitantes.
1650 2319 1755 2399 Sunt
1779 2341 1896 2388 omnes
1930 2337 1969 2386 ut
2003 2315 2043 2386 δε

613 2418 752 2515 Jupiter
778 2415 848 2514 ipse
885 2440 1025 2513 corpora
1052 2441 1154 2514 opaca
1178 2417 1293 2490 lumen
1320 2419 1460 2492 suumi
1496 2421 1575 2494 Sole
1610 2419 1822 2506 mutuantia3
1850 2441 1927 2488 nam
1953 2413 2045 2486 Jove

612 2522 704 2591 inter
725 2516 811 2613 ipsas
832 2519 871 2590 δε
896 2517 1011 2591 Solem
1037 2518 1272 2590 diametraliter
1295 2517 1518 2618 interposrto,
1545 2522 1672 2593 lumine
1701 2519 1876 2616 privantur
1904 2519 1943 2588 δε
1963 2516 2045 2586 celo

612 2617 733 2694 sereno
746 2616 968 2705 evanescunt3
993 2617 1054 2691 ubi
1067 2619 1151 2690 vero
1165 2617 1277 2713 aliqua
1291 2620 1432 2694 Jovialis
1456 2621 1592 2694 Lunula
1613 2624 1701 2693 inter
1724 2619 1840 2692 Solem
1862 2621 1901 2690 δε
1917 2615 2046 2688 Jovem

613 2715 756 2807 transrt,
783 2721 855 2813 ejus
880 2721 998 2792 umbra
1024 2715 1123 2790 instar
1153 2719 1291 2792 macule.
1324 2724 1430 2819 nigrae
1453 2746 1491 2794 ac
1516 2725 1670 2794 rotundat
1697 2718 1890 2792 observatur
1910 2719 1946 2788 in
1972 2714 2045 2813 ipso
2140 2717 2144 2724 ’

612 2819 640 2891 J
642 2823 718 2891 ovis
733 2819 835 2891 dison.
889 2817 1057 2915 Quinque
1073 2820 1195 2915 pariter
1213 2819 1357 2894 Lunulae
1376 2824 1558 2896 Saturnum
1577 2825 1780 2893 comitantur
1804 2823 1842 2892 ὅτ
1859 2817 1947 2890 circi
1965 2840 2046 2890 eum

615 2921 847 2994 revolutiones
873 2919 943 2992 suas
969 2943 1074 3015 agunt
1099 2919 1294 3015 lumineque
1321 2925 1496 3019 privantur
1525 2925 1609 2994 dum
1632 2923 1717 2993 radii
1753 2921 1884 2994 Solares
1925 2918 1945 2990 ὲ
1982 2917 2043 2990 Sa·

615 3023 712 3092 turni
735 3045 876 3117 corpore
903 3043 1007 3118 opaco
1030 3021 1299 3117 intercipiuntur.
1359 3022 1542 3118 Hugenius
1566 3047 1609 3096 err
1635 3024 1778 3120 propriis
1804 3017 2047 3096 observationi-

615 3127 680 3196 bus
706 3121 821 3194 intulit
858 3120 1042 3195 Saturnum
1071 3122 1163 3216 cingi
1192 3121 1316 3195 annulo
1350 3127 1444 3200 tenui
1455 3177 1466 3212 ,
1504 3123 1626 3222 plano,
1665 3121 1829 3219 nusquam
1857 3121 2045 3192 cohaerente

617 3246 698 3294 cum
720 3245 861 3320 corpore
884 3221 1079 3295 Saturni&
1108 3223 1151 3294 ad
1176 3221 1377 3321 Eclipticam
1396 3225 1574 3313 inclinato}
1599 3249 1675 3320 quat
1700 3215 1922 3323 hypothesrs,
1949 3215 1974 3290 sr
1998 3218 2047 3291 ita

615 3348 709 3396 nunc
732 3322 843 3420 potest
863 3324 1038 3420 appellari,
1073 3347 1144 3393 non
1169 3322 1277 3396 solum
1302 3325 1537 3398 Phaenomenis
1572 3329 1614 3397 ab
1642 3325 1810 3419 Hugenio
1835 3320 2047 3406 observatis,

618 3423 677 3496 sed
698 3426 736 3496 δι
767 3425 839 3494 aliis
862 3425 1016 3518 plurimis
1044 3445 1119 3518 quae
1141 3427 1263 3519 magna
1294 3426 1471 3522 diligentia
1496 3425 1517 3498 a
1538 3421 1673 3497 Call'mo
1694 3426 1733 3496 &
1755 3420 1910 3494 Maraldo
1931 3419 2046 3490 obser-

618 3546 696 3596 vata
720 3521 814 3596 fuer'e
836 3521 1032 3613 *unsara-
1054 3521 1213 3595 Tandem
1239 3549 1298 3619 per
1320 3525 1536 3624 teleltopium
1557 3523 1656 3598 llellae
1682 3523 1785 3619 longe
1810 3523 1922 3619 plures
1944 3543 2048 3616 quam

567 3667 569 3672 ·
617 3623 720 3694 oculo
745 3625 850 3713 pudo·
864 3641 1070 3708 cernuntur}
1094 3621 1205 3694 St'ellae
1228 3625 1291 3696 illae
1314 3650 1397 3724 quas
1423 3625 1596 3700 nebulosas
1618 3627 1735 3697 dicunt
1763 3625 1803 3696 &
1836 3626 1966 3720 integre
1990 3622 2049 3692 via

619 3715 834 3796 lacrea'nihil
855 3723 948 3794 alrlrd
970 3721 1046 3795 sunt
1065 3745 1165 3816 quam
1188 3724 1406 3820 plurimarum
1427 3725 1595 3800 stellarum
1616 3749 1692 3822 quae
1718 3725 1818 3796 oculo
1842 3749 1912 3795 non
1933 3719 2049 3795 distin·

617 3845 773 3919 guuntur
795 3826 979 3918 congeries.
1034 3821 1149 3896 Nova
1174 3848 1311 3921 quoque
1332 3831 1367 3898 in
1391 3829 1478 3900 celis
1501 3826 1600 3902 stellae
1634 3848 1793 3925 apparent
1818 3828 1857 3898 δι
1888 3847 1964 3920 quat
1989 3845 2049 3894 an·

610 3925 902 4010 recidebantur,
928 3947 1172 4018 nonnunquam
1186 3925 1410 4024 inconspicua
1440 3925 1548 4012 fiunt,
1573 3929 1720 4002 illarum.
1738 3929 1893 4022 quadam
1919 3925 2050 4020 appari-

618 4025 723 4099 tionis
747 4027 786 4098 δι
803 4023 1027 4120 disparitionis
1048 4024 1206 4119 periodos
1233 4029 1358 4102 habent
1378 4053 1453 4124 quat
1479 4032 1662 4125 quamdam
1683 4027 1933 4124 regularitatem
1956 4025 2050 4096 obti-

618 4149 699 4310 tpere
719 4125 898 4298 vipentusr3
911 4147 1093 4223 earumque
1117 4127 1317 4223 magnitudo
1341 4133 1400 4204 sub
1421 4131 1530 4204 initio
1547 4131 1763 4230 apparitionis
1787 4128 1903 4201 crescit
1932 4127 1971 4199 &
1987 4121 2048 4199 sub

650 4251 728 4298 nem
777 4251 851 4302 ecre
868 4249 922 4296 crt.
1041 4296 1045 4304 ,
1141 4293 1146 4304 ,
1675 4297 1683 4313 ,
1944 4265 1947 4270 ·

673 4351 737 4422 42.
790 4328 830 4400 Si
853 4325 969 4423 sepius
1002 4325 1196 4402 observatur
1222 4353 1296 4402 tum
1321 4356 1434 4406 morus
1467 4333 1555 4406 Solis
1584 4335 1621 4404 in
1650 4329 1817 4430 Eclipticl
1843 4332 1947 4430 (¹5)
1974 4349 2050 4400 tum

622 4423 728 4526 ἱΡῘΙΠ8
760 4428 922 4498 diameter
947 4451 1108 4524 apparent
1147 4432 1250 4528 (39)
1275 4455 1378 4528 quarn
1412 4431 1487 4506 lie'ri
1524 4431 1632 4532 potest
1661 4429 1897 4508 accuratissime
1909 4484 1921 4520 ,
1960 4428 2050 4502 circis

624 4531 743 4625 (letum
767 4525 933 4625 poncium
958 4530 996 4598 in
1017 4529 1117 4624 plano
1141 4530 1283 4604 describi
1307 4537 1432 4630 poterit
1457 4557 1559 4605 curva
1582 4529 1694 4605 sunilis
1724 4539 1840 4610 orbitae
1861 4555 1963 4629 quam
1990 4530 2052 4604 Sol

626 4625 717 4728 cirta
739 4650 875 4789 tertam
891 4651 1091 4731 percurrere.
1107 4631 1253 4710 uidetur.
1315 4631 1406 4709 Nam
1446 4635 1713 4728 cumjdiameui
1740 4637 1826 4712 Solis
1854 4653 2054 4808 apparenstlplst
