4434 5664
661 470 746 551 690
1197 445 1551 536 INDEX

722 591 855 674 ticulas
870 591 952 668 rotis
968 594 1254 699 proportionales,
1287 592 1333 672 cl*
1347 598 1386 670 in
1404 587 1662 699 eosisssmiliur
1673 585 1813 702 postas.
1897 599 1989 708 Pag.
2013 627 2087 704 504

663 717 788 800 Prot.
811 712 1059 796 LXXXVIII.
1102 712 1266 793 Tarson.
1290 712 1409 794 XLV.
1507 709 1549 790 Si
1584 711 1853 824 particularum
1892 716 2088 825 equalium
2188 731 2189 742 '

667 907 671 914 .
722 837 874 941 corporis
903 825 1144 940 cujuscunque
1170 833 1268 907 vires
1291 831 1504 908 astraliiva
1521 827 1596 934 fint
1622 847 1665 904 ut
1690 824 1868 939 distantia
1889 833 2088 918 Iocorumd

718 947 941 1064 particulis:
972 956 1029 1024 vis
1061 951 1211 1060 corporis
1237 952 1346 1025 sotius
1379 937 1499 1028 tiudet
1530 941 1581 1024 ad
1608 941 1712 1051 ifins
1739 971 1901 1026 centrum
1918 963 2090 1058 granica.

725 1073 795 1162 sis,
827 1067 873 1147 «α’
897 1059 1023 1144 eadem
1045 1075 1114 1144 erit
1142 1093 1225 1146 cum
1254 1070 1298 1144 vi
1316 1063 1418 1174 globi
1443 1093 1489 1146 err
1518 1063 1678 1144 materid
1701 1063 1871 1170 confimcli
1898 1055 1942 1150 cl*
1972 1103 2090 1186 equa.

725 1184 755 1264 lc·
780 1183 967 1296 constantis
999 1184 1044 1264 ὅ
1071 1205 1233 1263 centrum
1257 1179 1420 1264 babeatis
1435 1189 1474 1264 t'tt
1498 1180 1573 1292 ejus
1593 1207 1712 1263 centro
1725 1191 1944 1294 gravitatis.
2011 1208 2085 1294 506

664 1307 790 1390 PROP-
814 1304 1022 1386 LXXXIX.
1054 1303 1219 1386 Troos.
1236 1301 1374 1388 XLVI.
1450 1300 1492 1382 Si
1512 1327 1655 1414 corpora
1676 1301 1751 1410 first
1769 1301 1878 1415 plura
1901 1333 1945 1385 ex
1974 1316 2088 1422 parti.

723 1423 814 1502 eulis
838 1419 1038 1532 equalibus
1057 1415 1280 1526 conflantia,
1323 1447 1478 1532 quarum
1502 1425 1600 1499 uires
1612 1415 1704 1531 sunt
1723 1441 1766 1498 ut
1795 1419 1976 1532 dillantiae
2001 1423 2088 1505 loco·

665 1612 669 1620 .
723 1569 805 1620 rum
829 1539 854 1618 l
866 1537 1043 1649 singulis:
1073 1545 1133 1618 vis
1160 1565 1206 1616 ex
1231 1543 1395 1618 omnium
1421 1537 1563 1619 viribus
1597 1537 1812 1652 composta,
1842 1539 1921 1652 qud
1945 1542 2089 1658 corpus-

722 1657 848 1739 culum
887 1653 1122 1772 quodcunque
1165 1651 1355 1752 trabitur,
1407 1652 1528 1737 tendet
1560 1652 1610 1734 ad
1644 1653 1867 1737 trahentium
1902 1687 2089 1743 commune

693 1799 886 1858 -senrrum
905 1781 1143 1888 gravitati53
1185 1776 1232 1855 θ
1259 1771 1385 1853 eadem
1413 1781 1483 1855 erit
1511 1803 1555 1854 ac
1573 1772 1608 1881 fi
1629 1771 1812 1854 trahentia
1838 1775 1904 1857 il'a
1917 1829 1932 1876 ,
1954 1774 2086 1890 serva.

724 1917 760 1974 to
778 1899 985 2006 gravitatis
1010 1917 1127 1978 centro
1156 1899 1341 1975 communi
1355 1943 1377 1988 ,
1412 1899 1546 1974 coirent
1575 1895 1621 1976 b·
1643 1899 1684 1973 iu
1705 1891 1857 2006 globum
1876 1889 2089 2004 formaren-

723 2036 796 2098 tur.
2006 2030 2083 2119 508

663 2133 785 2216 Psoi.
816 2133 899 2216 XC.
930 2135 1079 2216 Puooc.
1112 2117 1247 2214 XLIV·
1316 2126 1358 2208 Si
1376 2123 1572 2238 adfingulu
1587 2125 1715 2210 circuli
1732 2119 1977 2240 cujuscunque
1993 2159 2087 2244 pun·

724 2253 785 2332 lla
811 2247 962 2330 tendant
996 2255 1093 2329 vires
1128 2245 1283 2358 equales
1309 2253 1541 2362 cornipeta,
1581 2241 1769 2358 crescentes
1802 2243 1864 2324 vel
1892 2245 2087 2364 decrescen.

723 2391 775 2448 tes
800 2375 838 2446 in
863 2395 1077 2480 quacunque
1105 2362 1358 2478 distantiarum
1387 2372 1550 2445 ratione:
1581 2369 1747 2445 invenire
1778 2369 1883 2463 vim,
1912 2367 1989 2479 qud
2012 2395 2087 2448 cor.

719 2481 911 2600 pasculum
938 2481 1141 2565 attrabitur
1168 2483 1295 2564 ubivis
1322 2481 1469 2595 pofitum
1503 2489 1544 2564 in
1572 2481 1674 2563 read
1704 2509 1783 2596 quae
1815 2481 1926 2598 plana
1956 2487 2088 2566 circuli

721 2601 772 2682 ad
795 2625 958 2682 centrum
978 2629 1056 2710 epus
1072 2598 1416 2717 perpendiculariter
1445 2601 1579 2714 iussit.
1994 2601 2088 2684 ibid.

661 2717 786 2808 hor.
812 2719 917 2805 XCI.
962 2725 1111 2805 Pron.
1138 2721 1263 2803 XLV.
1338 2719 1507 2800 Invenire
1528 2721 1784 2800 attralbr'onem
1811 2715 2020 2832 Corpusculi
2033 2721 2087 2829 fi-

723 2845 756 2920 ti
787 2843 828 2918 in
851 2867 921 2918 aue
942 2833 1053 2951 solidi
1081 2825 1259 2935 rotundis
1290 2833 1340 2917 ad
1374 2837 1476 2947 cujus
1501 2841 1641 2953 puniit
1667 2835 1812 2948 fingula
1841 2838 1995 2937 tendunt
2027 2849 2089 2922 vi.

672 2965 679 2974 '
722 2983 777 3036 res
816 2956 970 3068 equales
1006 2963 1211 3071 centripeta
1244 2959 1285 3036 iu
1311 2953 1527 3070 qudcuuqtse
1565 2954 1822 3070 dislantiuruul
1849 2964 1991 3038 tatione
2027 2958 2088 3039 de.
2192 2963 2193 3008 l

719 3074 921 3185 crescentes.
2007 3103 2082 3180 51¹

658 3196 783 3280 Prot·
809 3196 932 3278 XCII.
978 3195 1128 3278 Prono.
1150 3195 1288 3277 XLVI.
1365 3192 1474 3271 Dato
1499 3217 1637 3305 corpore
1662 3194 1891 3294 attrailivo,
1921 3198 2092 3276 inuenire

544 3328 549 3339 ‘
720 3319 898 3392 rationem
929 3307 1143 3393 decrementi
1173 3318 1316 3392 virium
1344 3317 1624 3425 ceutripctarum
1652 3321 1690 3394 in
1709 3307 1785 3419 ejus
1807 3316 1948 3427 pausia
1960 3313 2089 3424 fingu-

719 3429 757 3511 Ia
788 3427 1026 3510 tendentium.
2010 3462 2088 3539 520

659 3551 784 3634 Prot·
810 3551 947 3634 xclll.
994 3551 1149 3632 Tutor..
1178 3549 1335 3631 XLVII.
1396 3548 1437 3630 Si
1458 3542 1614 3640 solidum
1631 3574 1675 3626 ex
1703 3546 1782 3628 und
1803 3572 1907 3663 parte
1933 3550 2088 3665 planum

669 3725 677 3734 -
718 3695 765 3746 ex
786 3666 934 3780 reliquis
963 3691 1087 3746 autem
1105 3664 1272 3781 partebus
1294 3661 1495 3766 infinitum,
1526 3665 1651 3780 conslet
1681 3693 1726 3745 cx
1753 3673 1941 3782 particulis
1966 3698 2087 3779 equa.

665 3783 815 3880 ..libus
842 3780 1029 3894 aqualiter
1052 3785 1292 3879 attrallivis,
1322 3812 1477 3896 quarum
1507 3796 1602 3867 vires
1630 3789 1671 3864 in
1689 3784 1819 3895 recessu
1850 3788 1875 3868 d
1890 3783 2008 3900 solido
2028 3785 2091 3866 de·

717 3899 878 4016 crescunt
915 3913 954 3985 in
999 3906 1141 3982 ratione
1186 3898 1363 4012 poteslatis
1396 3901 1562 4018 cujusvis
1604 3899 1860 4015 dislautiurum
1892 3902 2090 4021 plufisudm

670 4061 677 4100 ι
721 4019 974 4135 quadratum,
1019 4021 1065 4103 b
1089 4030 1134 4101 vi
1145 4017 1258 4134 solidi
1284 4031 1392 4103 tatius
1425 4019 1669 4138 corpusculum
1694 4019 1746 4103 ad
1773 4028 1956 4108 utramvis
1980 4023 2094 4139 plani

715 4166 860 4255 partem
882 4137 1112 4254 consitutum
1142 4136 1334 4219 trabatur:
1372 4137 1451 4221 dico
1484 4140 1579 4254 quod
1590 4136 1705 4255 solidi
1734 4147 1796 4222 vis
1822 4143 1889 4226 illa
1910 4145 2093 4224 attrabii-

666 4333 670 4343 .
718 4287 797 4358 ua,
829 4264 868 4340 in
888 4255 1017 4367 receffu
1037 4256 1084 4338 ab
1115 4255 1193 4367 ejus
1214 4253 1402 4372 superficie
1430 4257 1571 4376 pland,
1604 4256 1777 4373 decrescet
1799 4267 2002 4345 iuratione
2024 4287 2093 4374 pa-

658 4419 662 4430 ·
718 4376 882 4492 iesous,
914 4377 1019 4477 cnjus
1047 4379 1141 4458 latus
1168 4375 1213 4489 esI
1241 4374 1415 4484 distantia
1446 4375 1645 4496 corpusculi
1673 4378 1855 4494 dplauo,
1901 4383 1947 4465 ὰ
1975 4379 2097 4465 indere

661 4584 665 4596 ⁸
718 4503 874 4578 ternario
897 4503 1014 4577 minor
1036 4494 1151 4600 nudus
1171 4493 1282 4578 iudex
1306 4495 1481 4610 poteslatis
1514 4495 1781 4610 disluuriarum.
2008 4527 2091 4605 522

660 4619 801 4704 I’Rot.
829 4619 969 4705 XCIV·
1001 4618 1162 4728 Tanos.
1190 4619 1360 4704 XLVIII.
1420 4617 1463 4701 Si
1485 4616 1609 4701 media
1634 4614 1705 4699 duo
1716 4611 1935 4728 smilaria,
1958 4611 2093 4850 spppio

2044 4763 2095 4816 a·
