4558 5676
544 379 704 488 'cru
951 391 956 398 ·
1158 394 1507 484 ostoun

575 561 577 566 '
635 569 641 578 ·
681 544 907 660 duplicatum
924 571 928 598 ¹
932 545 1055 654 finum
1094 539 1239 657 versum
1284 539 1385 624 orcis
1421 543 1569 626 dimidii
1601 553 1665 657 qui
1701 545 1850 660 globum
1878 523 1948 630 ¹toto
1986 552 2053 635 boo

682 689 837 782 tempore
870 672 963 746 inter
992 659 1151 743 eundum
1177 666 1300 772 tetegit
1316 724 1328 762 ,
1361 685 1402 742 ut
1429 661 1634 774 differentia
1664 664 1924 748 diametrorum
1947 655 2053 782 globi

682 784 728 866 ὀ
758 810 838 866 rote
866 781 916 862 ad
938 780 1247 894 semidt'ametrttm
1268 779 1381 888 globi.
1575 769 1586 796 Χ
1620 818 1627 836 ·
1840 793 1929 900 Pag.
1968 807 2048 894 364

622 896 750 1008 Ptoou.
780 907 824 986 L.
860 907 1010 988 Pnonn.
1038 901 1215 984 XXXIII.
1275 898 1415 979 Facere
1439 919 1482 978 nt
1507 925 1630 1014 corpus
1646 899 1845 1018 pendulum
1873 903 2050 1019 oscilletur

683 1025 722 1100 in
757 1019 923 1128 Cpc.'o'r'de
955 1018 1058 1101 daed.
1969 1055 2049 1131 370

530 1213 533 1218 ,
621 1137 752 1230 Pron.¹
773 1137 838 1223 LI.
865 1143 1026 1224 Trisson.
1054 1139 1193 1221 XVIII.
1254 1133 1297 1214 Si
1323 1140 1383 1214 vis
1417 1141 1615 1250 centtipeta
1638 1135 1786 1218 tendens
1811 1139 1970 1254 undique
1997 1143 2050 1224 ad

674 1255 776 1369 globi
808 1281 968 1337 centrum
996 1257 1093 1362 Cfit
1118 1255 1265 1335 inlotis
1291 1249 1445 1364 sagulis
1472 1277 1514 1334 ut
1538 1251 1811 1361 dtslantialoci,
1825 1257 1912 1356 cuju
1955 1261 2050 1342 ned

676 1399 797 1488 fentro
826 1377 871 1457 ὅ
898 1372 967 1458 hdo
983 1373 1067 1487 sold
1090 1381 1134 1452 vi
1162 1396 1290 1480 agente
1314 1398 1436 1468 corpus
1457 1372 1496 1454 T
1519 1371 1948 1492 oscilletnrvlmodojam
1971 1378 2049 1458 de.

629 1588 634 1594 ¹
681 1499 825 1608 cripta)
867 1499 907 1574 in
937 1502 1126 1610 perimeoto
1152 1487 1325 1606 Cyelo'tdis
1357 1493 1506 1595 QRS:
1548 1486 1627 1569 dico
1656 1489 1750 1602 quod
1780 1491 2046 1606 oscillationem

682 1635 865 1724 utcunque
890 1613 1128 1726 inaequalium
1156 1611 1315 1722 equalia
1343 1633 1448 1687 erunt
1473 1630 1644 1720 tempora.
1681 1700 1683 1708 ,
1963 1641 2045 1719 374

621 1731 744 1815 Pron.
770 1731 849 1815 LII.
878 1734 1026 1816 Paonn.
1053 1731 1234 1815 XXXIV.
1306 1721 1472 1828 Definire
1502 1725 1778 1808 &velocitates
1806 1727 2047 1842 pendulorum

680 1853 720 1929 in
749 1847 833 1930 locis
849 1845 1001 1962 fingnlis
1035 1852 1084 1934 eb‘,
1106 1873 1263 1960 tempora
1296 1845 1425 1956 quibus
1456 1839 1688 1955 oscillationes
1723 1868 1830 1945 tota,
1873 1875 1952 1932 rum
1989 1883 2045 1931 tn.

673 1967 774 2078 gule
803 1961 1063 2078 oscillationem
1092 1989 1210 2080 partes
1236 1986 1470 2080 peraguntur.
1957 1995 2041 2076 377

620 2083 745 2170 Pnoo.
778 2089 871 2170 LIII.
900 2090 1049 2170 Poeans.
1078 2085 1241 2180 XXXV.
1318 2081 1480 2190 Conoeffis
1504 2075 1710 2191 figtorarnm
1750 2081 2038 2166 curviiinearum

681 2201 937 2316 quadraturis,
966 2209 1132 2287 iuvenire
1161 2207 1257 2282 vires
1278 2199 1408 2312 quibus
1433 2205 1576 2312 corpora
1599 2203 1640 2279 in
1661 2197 1758 2279 datis
1781 2209 1905 2284 curvis
1934 2202 2041 2285 lineis

681 2317 911 2434 oscillationes
936 2318 1077 2436 semper
1106 2315 1303 2430 istob-onas
1331 2313 1512 2431 peragent.
1594 2353 1596 2358 ’
1959 2336 2042 2428 384

622 2444 745 2526 Pror-
779 2444 877 2524 LIV.
907 2445 1053 2526 puoso.
1082 2439 1262 2523 XXXVI.
1329 2433 1494 2544 Conceffls
1513 2431 1722 2546 figuratum
1750 2435 2041 2520 curnilinearum

628 2578 634 2586 ·
680 2555 914 2672 quadraturis
945 2563 1112 2638 invenire
1136 2581 1293 2672 tempora
1323 2553 1450 2666 quibus
1477 2581 1620 2670 corpora
1645 2559 1690 2633 vi
1720 2552 1883 2667 qudlibet
1911 2537 2043 2639 cinni.

677 2675 829 2790 perdiu
858 2676 961 2758 lineis
997 2673 1266 2787 quibuscunque
1301 2679 1448 2768 curvis,
1485 2676 1525 2753 in
1551 2676 1658 2786 plano
1690 2699 1754 2788 per
1787 2696 1948 2754 centrum
1976 2683 2039 2757 vi.

631 2813 639 2820 '
681 2823 775 2874 rrum
801 2791 1003 2906 transeunte
1024 2790 1230 2903 descriptis,
1262 2785 1538 2902 descendent&
1557 2785 1757 2901 ascendent.
1956 2825 2038 2898 390

622 2915 741 2998 Ptole.
770 2917 851 2999 LV.
879 2918 1036 3016 Tonsos..
1057 2913 1170 3022 XIX.¹
1222 2909 1263 2990 Si
1284 2931 1412 3022 eorpus
1431 2931 1596 2988 movetur
1613 2915 1653 2989 in
1677 2905 1854 3020 superficie
1874 2909 2037 3023 qudonn.

680 3060 749 3144 que
781 3029 919 3130 curvd,
950 3036 1053 3144 cnjus
1079 3037 1161 3110 attis
1183 3028 1246 3143 pei
1268 3046 1430 3108 centrum
1457 3031 1599 3106 virium
1624 3028 1770 3135 transt,
1803 3028 1847 3107 Φ
1872 3030 1897 3108 d
1919 3058 2040 3144 corpo.

679 3157 916 3232 reinonem
947 3147 1161 3230 demittatur
1179 3143 1527 3261 perpendicularis,
1579 3151 1682 3258 eique
1707 3143 1886 3261 parallelo
1915 3149 1961 3229 eb*
1990 3178 2038 3230 (ε.

624 3276 629 3284 ’
681 3267 801 3382 qualis
832 3267 880 3348 ab
906 3279 987 3349 anis
1012 3271 1145 3382 pundo
1173 3271 1303 3379 quovis
1332 3261 1416 3341 dato
1443 3262 1623 3346 durature
1654 3261 1733 3343 dito
1761 3261 1855 3377 qnod
1882 3267 2040 3380 paralle.

680 3387 717 3468 la
747 3385 812 3468 illa
833 3415 958 3467 aream
983 3394 1134 3500 tempori
1153 3383 1446 3484 proportionalem
1475 3377 1656 3492 describet.
1956 3413 2035 3490 392

619 3506 742 3592 Pron·
768 3510 866 3593 LVI.
891 3509 1038 3591 Puom.
1074 3503 1273 3590 XXXVII.
1324 3497 1489 3608 Conceffis
1505 3495 1713 3608 figuratum
1748 3497 2035 3581 enrv'clineotnm

676 3624 937 3738 quadraturis,
978 3617 1144 3733 datisque
1170 3647 1247 3700 tunt
1273 3617 1369 3730 Lege
1392 3623 1451 3696 nis
1477 3625 1680 3734 centripeta
1712 3615 1762 3696 ad
1787 3641 1948 3698 teneram
1971 3618 2038 3700 da·

654 3735 759 3822 ¹tum
782 3739 979 3838 tendentis,
1012 3765 1089 3820 eum
1103 3735 1291 3854 superlicio
1320 3734 1440 3817 eutvd
1470 3763 1571 3844 capus
1599 3743 1680 3816 attis
1705 3761 1767 3847 per
1795 3759 1956 3816 centrum
1983 3737 2034 3816 il·

538 3857 541 3866 ’
643 3857 743 3941 'lud
771 3843 915 3968 roa'nfie3
957 3855 1179 3974 inveniendo
1218 3856 1262 3968 efl
1299 3852 1504 3962 trajettoria
1530 3881 1642 3968 quam
1669 3854 1802 3967 Corpus
1836 3859 1876 3934 in
1909 3851 2036 3934 eadem

580 4057 583 4066 ,
633 3983 635 3988 ’
667 3975 856 4094 superficie
876 3975 1069 4092 describet,
1101 3975 1144 4055 de
1173 3975 1254 4056 loco·
1273 3973 1388 4071 doto,
1419 3970 1512 4054 daed
1532 4002 1615 4054 enm
1643 3977 1856 4072 velocitate,
1884 3971 2037 4052 *nusum

622 4096 647 4126 ⁵
672 4099 822 4214 plagam
849 4105 889 4177 in
910 4091 1093 4206 superficie
1118 4091 1187 4176 illd
1213 4091 1340 4174 datam
1365 4093 1548 4203 egressum.
1750 4111 1779 4134 ··
1951 4107 2035 4196 396

615 4222 738 4305 Puor.
762 4220 880 4302 LVII.
902 4218 1064 4301 Tusou.
1087 4215 1175 4320 XX.
1237 4213 1389 4324 Corpora
1414 4210 1484 4291 duo
1495 4205 1537 4322 se
1567 4213 1728 4289 invicem
1753 4204 1934 4288 trabentia
1959 4205 2036 4315 des.

552 4415 553 4418 .
673 4333 841 4436 tribunt,
872 4335 909 4416 eb
946 4329 1077 4414 citatim
1102 4358 1289 4414 commune
1311 4353 1472 4412 centrum
1492 4333 1726 4440 gravitatis,
1771 4323 1975 4408 &eircbm
1991 4323 2037 4438 se

672 4450 797 4534 benoni
818 4449 954 4558 figuras
972 4451 1118 4558 smiles.
1379 4437 1380 4442 ¹
1905 4480 1909 4487 ·
1946 4473 2034 4539 404

611 4575 735 4660 Phor.
762 4575 894 4663 LVIII.
910 4573 1080 4661 Timon.
1106 4571 1210 4663 XXI.
1273 4567 1314 4654 Si
1335 4593 1477 4684 corpora
1506 4565 1576 4650 duo
1608 4561 1752 4648 viribus
1777 4559 1968 4678 quibusvis
1986 4559 2036 4671 se

1902 4676 2034 4780 mutui

1908 1257 1952 1372 sq

2006 1380 2034 1492 l
