4482 5658
396 449 498 530 AD
549 450 947 532 TERTIUM
997 461 1340 538 LIBRUM·
1467 485 1611 544 ·1r·

157 675 161 688 Ι
206 565 273 658 ull.
323 576 487 653 Siderum
512 579 669 653 retractio
696 582 740 658 ad
768 577 916 680 singulos
946 594 1131 668 altitudinis
1161 597 1289 694 gradus
1322 587 1606 682 ,observatione

157 675 296 754 deliniri
314 675 434 775 potest.
488 678 570 754 Esto
593 677 677 756 HR
701 683 870 772 horizon,
897 683 926 755 P

158 782 259 877 polus
273 781 407 866 mundi,
436 779 525 870 AEQ
539 801 698 876 aequatot,
724 781 830 882 ΙζΖΗ
844 782 925 881 Me-

160 882 334 968 ridiauus,
376 879 505 955 st
546 882 689 953 circulus
727 884 925 974 verticalis,

159 978 278 1053 PSD
316 982 355 1052 dc
380 981 488 1064 Psd,
526 983 642 1054 circuli
679 983 925 1058 declinationis.

160 1080 275 1154 Stellae
302 1073 378 1154 fitiae
404 1081 436 1155 F
471 1083 577 1178 prope‘
605 1083 735 1156 Zenith
760 1082 923 1172 constitu-
1023 1096 1057 1170 ,“

161 1204 205 1254 tte
230 1179 425 1262 observetur
450 1183 593 1253 altitudo
620 1181 924 1271 meridiana'HF,

162 1305 239 1378 quae
267 1279 288 1354 d
313 1283 515 1354 restadlione
546 1282 650 1353 libera
675 1280 743 1364 est,
778 1283 926 1357 dc'inde
972 1340 986 1356 .

162 1405 303 1554 atta
321 1379 821 1574 statuariunt
838 1389 926 1559 zu
967 1406 1010 1492 Η
1074 1361 1112 1468 a

162 1577 278 1677 politae
310 1581 457 1655 altitudo
481 1583 639 1676 quaelibet
668 1579 764 1670 SV,
790 1588 830 1656 δι
860 1611 928 1682 ope

162 1681 335 1776 horologii
370 1681 561 1754 oscillarorii
612 1705 748 1753 notetur
792 1705 927 1782 tempus

163 1785 260 1876 quod
291 1783 379 1855 inter
411 1785 557 1882 primam
586 1783 625 1854 δι
656 1781 834 1854 secundam
863 1789 926 1858 ob-

163 1883 388 1982 servationem
416 1883 622 1970 intercedit,
662 1883 702 1955 dc
734 1883 929 1958 inveniatur

164 2006 260 2054 arcus
297 1985 475 2080 aquatoris
506 1981 603 2056 AED
628 1983 689 2078 qui
716 2009 758 2055 eo
787 2007 940 2083 tempore
970 2012 1031 2086 per
1049 1989 1286 2061 'meridianum
1315 1981 1442 2060 transiit
1473 1989 1607 2086 (16).Ι

167 2083 271 2155 Stella
290 2107 367 2180 quae
389 2086 433 2155 ob
453 2081 689 2156 tesradlionem
711 2084 747 2154 in
768 2084 847 2156 loco
868 2086 979 2161 altiori
1004 2114 1020 2160 s
1043 2112 1179 2184 apparet
1202 2083 1243 2161 fit
1262 2085 1380 2160 revers
1398 2089 1436 2158 in
1455 2089 1503 2169 S,
1532 2093 1610 2163 erit·

164 2181 278 2256 PSD
294 2185 436 2257 circulus
451 2183 684 2256 declinationis
699 2179 799 2256 stellae
821 2185 859 2256 in
873 2185 898 2258 S
925 2185 1135 2276 constitute,
1161 2191 1201 2263 bc
1229 2189 1266 2259 in
1289 2187 1458 2282 triangulo
1472 2187 1543 2262 ΡΖ
1558 2189 1600 2275 S,
1681 2189 1682 2194 ’

167 2285 303 2356 debitur
336 2283 479 2379 angulus
511 2281 636 2368 ZPS,
670 2284 766 2378 cujus
801 2285 954 2358 mensura
976 2287 1023 2361 est
1055 2311 1149 2360 arcus
1173 2286 1268 2366 ΕΙ)
1291 2309 1370 2358 cum
1396 2286 1496 2359 latere
1521 2287 1599 2360 PZ

167 2381 263 2478 quod
286 2377 334 2455 ell
354 2381 508 2456 dillantid
524 2383 594 2478 poli
618 2382 638 2456 *a
660 2386 843 2458 vertice&
871 2387 971 2460 latere
995 2387 1068 2470 PS,
1085 2389 1189 2484 quod
1211 2385 1258 2461 est
1276 2387 1508 2460 declinationll
1526 2384 1604 2460 DS

167 2481 225 2554 seu
252 2483 345 2556 AEF
363 2484 675 2580 complementum,
699 2483 791 2556 uncle
813 2487 986 2560 invem'tur
1006 2489 1091 2559 latus
1116 2487 1186 2562 ZS
1207 2511 1285 2560 cum
1310 2487 1489 2559 altitudine
1513 2484 1601 2574 SV,
1677 2569 1680 2578 Ι

167 2585 418 2680 complemento
444 2585 553 2656 breris
580 2573 664 2656 ZS.
719 2584 757 2656 Si
781 2587 865 2681 ergd
888 2613 932 2658 ex
954 2589 1131 2660 altitudine
1158 2586 1333 2660 observati
1355 2583 1444 2668 SV,
1470 2586 1598 2660 subdu·
1675 2676 1680 2682 ¹

167 2708 261 2758 eatur
289 2684 433 2756 altitudo
461 2686 606 2772 inventa,
622 2681 711 2766 SV,
738 2707 813 2779 quae
836 2686 856 2758 ὲ
880 2686 1086 2760 rehaslione
1111 2689 1214 2760 libera
1243 2683 1314 2774 est,
1347 2686 1479 2758 dabitur
1500 2709 1600 2758 arcus

167 2786 249 2872 δε,
286 2783 442 2870 resrastio
474 2777 574 2856 stellae
606 2787 643 2856 in
673 2785 825 2880 quolibet
848 2788 957 2882 gradu
984 2783 1182 2860 altitudinis.
1236 2786 1317 2862 Hoc
1338 2787 1445 2860 modo
1466 2783 1516 2857 D.
1537 2782 1601 2858 De
1675 2873 1678 2880 Ι

167 2887 200 2958 la
233 2885 326 2960 Hire
367 2887 403 2955 in
434 2885 555 2956 tabulis
587 2881 835 2956 Astrouomicis
873 2887 1064 2962 observavit
1102 2886 1319 2960 refradiiones
1360 2881 1507 2958 siderum
1543 2887 1597 2956 di·

167 2982 269 3058 versis
295 2986 374 3056 anni
399 2981 671 3080 tempestatibus,
700 2985 835 3082 inpari
866 2987 1043 3061 altitudine
1069 2986 1200 3060 easdem
1229 2983 1295 3060 elle
1318 2987 1466 3083 exceptis
1494 2983 1597 3056 resta-
1676 3013 1687 3079 j

122 3091 127 3101 “
167 3086 337 3160 trionibus
364 3087 449 3158 circi
478 3086 696 3158 horizontem
725 3107 810 3180 quas
836 3089 1005 3160 nonnullis
1034 3083 1262 3160 inconstantiis
1286 3088 1450 3161 obnoxias
1474 3083 1597 3179 exper-

168 3211 225 3260 tus
244 3184 312 3274 est,
336 3185 437 3280 atque
460 3184 540 3256 hinc
575 3183 711 3256 unicam
743 3187 890 3258 rabulam
915 3183 1157 3262 refraslionum
1181 3211 1225 3260 ex
1247 3189 1259 3258 i
1285 3184 1326 3257 fis
1355 3183 1599 3258 observationi-
1677 3273 1680 3278 ,

168 3289 233 3360 bus
257 3284 441 3366 dedudlatn
469 3282 657 3372 constituit,
680 3307 784 3380 quam
813 3283 925 3384 postea
947 3287 1093 3359 correxit
1115 3281 1163 3358 D.
1186 3286 1217 3358 C
1262 3307 1336 3356 mus
1362 3287 1402 3356 dc
1424 3279 1599 3357 el'corte-

171 3387 228 3458 ut
248 3409 389 3472 uttrntur
408 3381 617 3474 Astronomi.
666 3382 847 3472 Quoniam
866 3387 949 3458 verd
977 3388 1149 3456 radiorum
1176 3386 1260 3456 lucis
1288 3387 1324 3455 in
1345 3379 1599 3480 atmosphaeram

171 3487 397 3560 incidentium
419 3485 600 3579 obliquitas
622 3508 700 3557 curn
725 3475 886 3559 stderis'i
912 3488 1037 3558 vertice
1064 3481 1219 3557 &strum
1241 3483 1373 3566 crescit,
1399 3483 1518 3556 iisdem
1537 3484 1599 3554 ob·

172 3585 416 3660 servationibus
439 3585 570 3657 invenit
593 3584 811 3658 refractiones
834 3583 979 3659 siderum
1000 3585 1022 3658 i
1043 3586 1170 3658 vertice
1192 3586 1235 3656 ad
1258 3586 1473 3656 horizontem
1493 3579 1602 3676 usque

172 3689 233 3759 ubi
257 3685 536 3770 maximarum,
562 3685 726 3756 continu&
753 3689 897 3782 augeri3
921 3709 955 3758 at
980 3687 1075 3780 quod
1097 3709 1139 3757 ex
1170 3683 1284 3758 alienis
1310 3682 1601 3756 observationibus

174 3787 410 3886 supponebat,
435 3787 594 3860 videlicet
620 3783 834 3858 resradliones
859 3786 1043 3858 borealium
1075 3787 1257 3880 regionum
1283 3783 1357 3880 ipsd
1381 3785 1483 3854 etiam
1504 3778 1598 3853 arfla-

175 3911 228 3972 te,
253 3887 313 3959 lon
339 3885 517 3979 amantes
538 3881 725 3981 essequam
750 3888 786 3956 in
810 3887 910 3957 zonis
925 3887 1137 3980 temperatis,
1171 3885 1208 3955 id
1228 3881 1370 3954 minime
1392 3906 1511 3954 vetum
1534 3875 1603 3953 esse

174 3985 293 4064 ostend
341 4009 356 4058 t
382 3987 599 4058 accuratiores
621 3983 868 4058 observationes
897 3989 942 4057 ab
969 3983 1184 4056 Academicis
1211 3977 1442 4056 Peristenfibus
1469 3983 1512 4053 ad
1534 3982 1599 4051 cir·

176 4089 292 4160 culum
314 4087 463 4182 polirem
487 4087 636 4172 habitae,
674 4081 796 4180 quibus
821 4085 1035 4158 resradliones
1062 4086 1162 4156 etiam
1184 4083 1410 4155 horizontales
1434 4081 1599 4152 Patifien·

174 4183 263 4264 libus
288 4188 430 4283 equales
459 4189 674 4258 invenerunt.
738 4183 831 4260 Vide
854 4183 999 4258 Domiti
1026 4183 1086 4258 De
1112 4183 1323 4279 Maupettuis
1358 4177 1603 4253 nobiliffimutn
1668 4265 1677 4272 .
1786 4221 1792 4228 ·

177 4305 261 4388 opus
283 4289 330 4361 de
350 4284 460 4376 haurd
482 4287 608 4360 telluris
632 4309 691 4380 per
715 4284 963 4362 observationes
982 4287 1027 4356 ad
1047 4285 1209 4356 circulum
1225 4283 1373 4379 polarem
1397 4276 1552 4352 definiti,

225 4411 291 4484 27.
342 4364 519 4460 Restadlio
545 4382 659 4462 sideris
684 4385 967 4467 declinationem,
989 4380 1210 4457 ascensionem
1233 4375 1382 4462 rerum,
1408 4379 1601 4474 longitudi-

179 4509 256 4560 nem
286 4511 325 4558 ae
346 4487 559 4560 latitudinem
589 4483 690 4556 afficit
713 4487 753 4560 dc
780 4507 881 4558 arcus
905 4485 1021 4556 circuli
1046 4485 1189 4555 maximi
1216 4506 1286 4580 quo
1307 4477 1422 4553 sideris
1450 4481 1599 4552 declina-

180 4587 246 4674 do,
269 4583 414 4662 escensio
435 4587 557 4680 redit,
591 4585 772 4682 longimdo
795 4587 833 4662 δι
859 4587 1001 4708 latitudo
1026 4585 1192 4660 mutum
1215 4583 1273 4660 vel
1295 4603 1438 4682 augetur
1456 4603 1612 4753 girat?-
