4380 5678
342 415 624 497 Frnxus
675 436 727 495 rc
777 406 1162 494 Rrrro'xor
1211 411 1463 499 urunt:
1551 443 1625 528 3¹21

204 565 283 638 rum
304 549 454 646 primum
469 552 614 646 pertinet
639 545 745 620 Maris
769 543 848 620 cum
866 545 1011 620 elevatio
1031 550 1179 623 maxima
1201 552 1275 624 turn
1294 556 1441 628 maxima
1459 543 1634 652 deprellio,

204 673 318 746 atque⁸
328 649 495 722 indicatur
515 672 681 746 quantum
705 650 828 746 quovis
855 643 932 720 aeslu
964 671 1049 746 aqua
1073 651 1151 720 cirrn
1172 651 1324 726 ascendat
1348 656 1424 728 tlrm
1442 655 1634 732 descendat.

206 749 272 826 Ad
294 749 477 823 seecundum
500 749 772 824 observationum
793 771 903 919 {enus
927 753 1096 822 numerari
1121 755 1367 846 convenirem,
1392 779 1469 852 quae
1490 760 1534 830 ad
1551 781 1636 830 tem·

206 877 271 950 pus
297 849 502 947 respiciunt,
538 849 725 946 quibusque
748 851 792 921 de
819 850 927 930 nitur,
960 873 1111 946 quonam
1136 856 1298 950 temporis
1321 879 1497 929 momento
1520 860 1637 932 ubivis

205 974 371 1026 terrarum
392 951 577 1046 aquatum
603 949 766 1023 summam
791 972 902 1022 teneat
921 950 1134 1064 altituffinem
1154 953 1229 1024 tbm
1250 955 1435 1028 minimam.
1470 955 1633 1032 Tertium

206 1055 357 1148 denique
376 1075 481 1148 genus
505 1050 777 1124 observationum
798 1051 841 1120 ad
863 1047 972 1144 ipsum
992 1073 1126 1122 motum
1142 1051 1249 1126 Maris
1269 1058 1479 1152 reciprocum
1496 1057 1643 1158 spedlnt„

206 1154 315 1250 iisque
343 1154 585 1226 determinatur
611 1153 736 1249 quanti
768 1149 933 1222 celeritate
959 1151 1083 1245 quovis
1110 1157 1274 1248 temporis
1301 1180 1476 1230 momento
1505 1159 1632 1236 alterna

204 1251 313 1326 Maris
335 1253 479 1326 elevatio
503 1277 540 1324 ac
563 1247 725 1348 deprelsro
747 1249 964 1332 absolvatur,
997 1246 1067 1320 live
1091 1273 1326 1328 momentanea
1353 1260 1520 1342 mutatio,
1545 1263 1631 1336 dum
1696 1321 1700 1330 .

205 1351 306 1430 Mare
335 1353 356 1427 ”a
380 1353 411 1426 F
413 1355 497 1426 luxu
519 1355 562 1424 ad
591 1348 779 1425 Refluxum
809 1343 923 1420 transit
951 1349 991 1421 δι
1015 1346 1180 1437 viciffim,
1210 1351 1437 1452 investigatur.
1491 1357 1632 1446 Quibus

202 1457 311 1528 tribus
349 1454 448 1526 rebus
484 1453 563 1526 cum
595 1451 844 1524 observationes
879 1447 1187 1523 convenientiffime
1225 1451 1470 1545 instituantur,
1509 1453 1631 1540 iisdem

204 1559 335 1630 theoria
363 1577 464 1650 atque
489 1553 668 1650 explicatio
696 1555 997 1650 phanomenorum
1024 1547 1287 1626 commodilfimi
1314 1554 1520 1632 morabitur.
1570 1561 1630 1636 Ac

203 1659 322 1754 primae
343 1657 484 1752 quidem
506 1659 545 1728 δι
569 1656 675 1726 tertiae
696 1655 782 1749 parti
806 1676 868 1752 pro
889 1645 1000 1726 nostrl
1020 1647 1201 1752 hypothefi
1228 1655 1264 1728 in
1286 1658 1552 1754 praecedentibus
1571 1669 1636 1748 cae,

201 1758 329 1853 pitibus
349 1756 484 1830 abunde
503 1753 708 1849 satisfadlutn
731 1755 878 1827 viderur.
1573 1815 1579 1824 .

256 1859 289 1951 §.
321 1867 380 1956 58.
432 1853 611 1945 Quoniam
626 1877 738 1928 autem
763 1854 784 1928 ir
811 1854 919 1928 Maris
944 1854 1066 1929 inertia
1087 1855 1228 1952 aliisque
1249 1857 1503 1946 circumstantiis
1523 1860 1632 1941 Maris

198 1981 334 2032 motum
354 1958 562 2031 turbantibus
582 1979 699 2028 omnes
720 1955 939 2052 cogitationes
962 1957 1073 2029 adhuc
1093 1955 1324 2049 abstrahimus,
1348 1962 1561 2040 manifestum
1582 1964 1629 2041 est

199 2061 329 2155 ubique
354 2081 542 2146 terrarum,
567 2049 678 2128 lisola
703 2055 812 2128 Lunae
827 2058 879 2127 vir
904 2053 1001 2134 Mare
1022 2058 1187 2152 agitaret,
1214 2081 1336 2154 aquam
1351 2063 1498 2137 maxime
1516 2067 1630 2141 eleva-

200 2161 372 2235 ridebere
397 2162 474 2232 cbm
501 2158 602 2232 Luna
620 2161 663 2230 ab
692 2158 870 2229 horizonte
896 2151 1084 2252 longillime
1115 2157 1216 2232 fuerit
1242 2183 1399 2250 remota,
1435 2165 1503 2238 hoc
1521 2163 1569 2240 est
1586 2169 1630 2243 iis

199 2257 278 2359 iphs
303 2263 484 2335 momentis
515 2261 638 2356 quibus
661 2257 761 2330 Luna
786 2281 845 2354 per
868 2257 1094 2332 meridianum
1119 2259 1189 2332 dati
1211 2259 1277 2332 loci
1306 2285 1375 2333 ram
1402 2262 1499 2361 supra
1521 2267 1629 2363 quim

198 2363 287 2434 infra
312 2361 455 2434 Terram
480 2355 610 2434 transit:
639 2357 713 2430 sunt
732 2360 823 2431 enim
844 2358 1049 2432 elevationes
1073 2358 1225 2456 aquatio
1246 2361 1416 2458 duplicata
1437 2367 1567 2440 ratione
1586 2365 1628 2440 sr-

198 2486 307 2536 nuum
332 2461 562 2536 distantiarum
584 2459 691 2534 Lunae
722 2459 765 2530 ab
791 2459 1001 2548 horizonte,
1038 2486 1081 2534 ex
1106 2483 1177 2556 quo
1198 2456 1296 2534 srmul
1318 2459 1492 2538 successiva
1517 2465 1628 2544 Maris

193 2565 385 2636 commotio
403 2559 625 2660 cognoscitur.
679 2558 906 2656 Excipiuntur
928 2583 1041 2635 autern
1060 2562 1166 2649 hinc,
1192 2584 1230 2632 ut
1247 2562 1315 2655 jam
1333 2565 1547 2652 notavimus,
1573 2569 1626 2642 lo-

186 2673 238 2736 'ca
264 2665 349 2760 polis
378 2661 494 2737 Terra
517 2662 695 2759 proxima,
721 2661 844 2757 quibus
866 2659 967 2733 Luna
992 2662 1049 2733 vel
1070 2685 1140 2733 non
1172 2663 1280 2734 oritur
1303 2665 1360 2738 vel
1387 2691 1458 2740 non
1476 2670 1627 2758 occidit3

195 2763 247 2838 ibi
276 2767 367 2839 enim
397 2765 501 2840 altero
533 2763 641 2836 Lunae
661 2762 704 2834 ad
727 2762 950 2836 meridianum
975 2759 1116 2860 appulsu
1140 2783 1228 2858 aqua
1250 2765 1351 2839 deber
1379 2761 1444 2841 else
1473 2762 1626 2859 summm*

193 2866 301 2940 altero
324 2869 400 2939 ima.
453 2863 586 2940 Verum
606 2865 648 2936 de
661 2861 713 2934 his
733 2860 814 2934 locis
830 2886 900 2934 non
922 2862 1108 2936 admodum
1126 2865 1252 2938 erbum
1267 2864 1398 2940 solliciti
1409 2891 1423 2956 3
1450 2869 1529 2942 curn
1553 2894 1625 2946 tam

195 2965 445 3040 observationes
470 2965 690 3047 sufficientes,
714 2964 838 3057 quibus
855 2965 986 3036 theoria
1007 2965 1191 3060 probetur,
1217 2961 1393 3050 deficiant,
1423 2968 1529 3064 quim
1553 2969 1624 3068 ipse

195 3063 305 3140 Maris
329 3089 442 3140 motus
466 3067 631 3138 indicatus
653 3065 775 3137 rationi
796 3060 837 3160 srr
857 3063 1124 3152 consentaneus,
1156 3092 1268 3164 neque
1292 3063 1547 3144 confirmatione
1571 3073 1627 3159 ἰη-1

193 3169 318 3265 digeat
372 3166 415 3241 ln
438 3163 555 3240 Terra
578 3166 661 3238 locis
686 3187 769 3260 ergo
792 3165 812 3237 it
833 3165 919 3260 polis
946 3167 1021 3240 saris
1042 3171 1178 3242 remotis
1203 3169 1261 3241 seu
1284 3192 1379 3242 extra
1398 3170 1539 3243 circulos
1556 3196 1624 3268 po-

193 3269 280 3342 lares
303 3265 394 3356 suis,
418 3269 541 3364 wquibus
564 3267 663 3340 Luna
680 3265 859 3338 intervallo
879 3293 933 3366 24
954 3270 989 3340 h.
1013 3267 1172 3366 48'tam
1191 3270 1299 3340 oritur
1314 3270 1419 3364 quim
1437 3271 1528 3356 obit,
1553 3269 1622 3348 ele-

193 3371 328 3442 vabitur
355 3366 452 3443 Mare
471 3369 598 3443 eodem
625 3366 785 3464 temporis
808 3367 987 3442 intervallo
1010 3369 1089 3456 bis,
1122 3366 1290 3462 totiesque
1316 3370 1543 3467 deprimetur3
1568 3396 1623 3445 at·

193 3493 263 3567 que
289 3493 430 3564 utraque
458 3471 605 3543 maxima
628 3465 735 3542 Maris
762 3467 906 3544 altitudo
936 3471 1137 3566 continget,
1174 3467 1255 3540 cbm
1278 3465 1378 3542 Luna
1399 3472 1443 3542 ad
1463 3473 1623 3546 meridia·

193 3595 279 3644 num
311 3571 400 3644 illius
422 3571 487 3642 loci
509 3573 689 3670 pervenit,
725 3572 866 3644 minima
888 3567 971 3642 verb
996 3572 1074 3641 cbm
1105 3568 1205 3642 Luna
1233 3568 1451 3644 horizontem
1470 3575 1621 3669 attirQit.

192 3670 290 3748 Hinc
320 3663 426 3766 igitur
454 3675 617 3768 temporis
645 3672 861 3747 intervallum
883 3672 972 3746 inter
993 3673 1092 3746 binos
1119 3691 1215 3764 aqua
1237 3666 1369 3742 Flnxus
1390 3669 1447 3744 seu
1474 3671 1620 3750 summas

192 3771 399 3846 elevationes
432 3765 647 3862 interjeslum
676 3769 863 3847 constanter
894 3774 972 3845 erit
993 3797 1038 3848 12
1064 3773 1098 3842 h.
1127 3795 1150 3846 2
1182 3769 1219 3856 ¹,
1252 3772 1294 3842 ub
1316 3772 1490 3843 anomaliir
1510 3773 1623 3848 Luna

192 3895 345 3944 mentem
371 3869 624 3959 abstrahend03
664 3897 697 3945 at
726 3896 859 3970 tempus
889 3870 1025 3946 summae
1054 3872 1157 3967 depre
1195 3871 1290 3958 onis,
1317 3873 1396 3943 cirm
1420 3869 1622 3970 respondeat

191 3973 346 4072 appulsui
362 3972 471 4046 Lunae
489 3973 532 4044 ad
546 3974 771 4052 horizontem,
796 3976 884 4046 inter
903 3975 996 4045 binas
1012 3973 1216 4046 elevationes
1230 3973 1401 4066 aqualiter
1423 3998 1492 4044 non
1511 3976 1623 4048 inter·

189 4075 341 4172 jacebit,
367 4072 424 4147 sed
446 4073 539 4146 alteri
558 4073 740 4145 elevationi
758 4073 800 4144 ed
823 4074 887 4144 erit
912 4074 1074 4168 propius,
1112 4069 1185 4168 qud
1209 4071 1315 4164 major
1335 4071 1436 4145 literit
1451 4076 1533 4148 cum
1555 4075 1624 4150 loci

190 4171 358 4272 propositi
384 4175 529 4249 elevatio
557 4173 627 4268 poli
651 4197 724 4244 tum
746 4171 854 4244 Lunae
875 4174 1083 4256 declinatio,
1114 4176 1182 4243 hoc
1210 4171 1258 4246 est
1282 4172 1353 4266 qud
1382 4173 1489 4266 majans
1520 4176 1624 4249 fuerit

190 4275 374 4349 discrimen
396 4277 482 4348 inter
503 4299 615 4346 ortum
639 4275 815 4346 obitumve
838 4271 947 4344 Lunae
971 4275 1010 4346 dt
1039 4274 1204 4343 circulum
1224 4271 1397 4344 horarium
1419 4273 1562 4349 serntun.

243 4379 278 4471 ς.
311 4403 367 4476 ς9.
417 4377 488 4450 Sed
506 4377 751 4470 conjungamus
773 4397 851 4446 cum
874 4371 974 4447 Luni
994 4374 1067 4443 vim
1091 4371 1202 4460 Solis,
1235 4397 1274 4445 ut
1295 4367 1414 4444 noslrae
1439 4371 1625 4450 conclusio·

186 4499 254 4552 mes
277 4479 382 4573 magis
397 4479 440 4551 ad
454 4477 701 4551 observationes
717 4475 951 4574 perducantur.
988 4471 1045 4548 Ac
1059 4472 1171 4570 primo
1188 4473 1332 4569 quidem
1352 4471 1563 4547 manifestum
1577 4475 1626 4554 est

189 4601 347 4674 ternpore
377 4604 446 4652 tarn
478 4579 644 4652 novilunii
670 4577 775 4673 quim
806 4576 983 4674 plenilunii
1012 4595 1138 4670 aquam
1159 4571 1308 4646 maxime
1334 4573 1406 4646 sore
1436 4576 1600 4650 elevatam
1612 4629 1625 4670 ‚

187 4679 332 4781 quaudo
357 4679 459 4768 Luna
480 4705 543 4786 per
564 4679 790 4768 rrreridiantun
813 4679 882 4762 loci
900 4673 1627 4857 uurfirs‚sq11ippequomoruentoerisarti

1121 4799 1144 4874 3
1592 4806 1612 4854 o
