4380 5678
611 525 697 617 302·
816 495 1154 577 Isoctsttro
1204 487 1452 568 Ptrrsrcr
1503 507 1562 572 trt
1614 509 1834 572 causan

616 639 657 711 &
671 629 749 704 cbm
769 620 916 696 maxime
930 616 977 693 est
990 613 1101 707 ausin,
1127 620 1291 710 tenebunt
1305 619 1469 693 tationem
1483 641 1522 692 ut
1542 642 1667 722 ¹3999
1671 627 1750 720 998
1766 623 1811 694 ad
1829 639 2055 722 140000015

614 741 683 810 hoc
707 725 754 802 est
776 751 813 799 ut
866 721 1023 801 666666
1044 723 1089 794 ad
1112 717 1300 818 4666667
1308 741 1322 806 3
1347 745 1390 794 ex
1414 743 1485 816 quo
1507 719 1584 793 satir
1610 721 1807 830 perspicitur
1830 721 2051 800 differentiam

618 840 705 910 hanc
721 751 863 901 miniml
885 824 1011 922 percipi
1030 816 1131 916 polle.
1185 821 1312 894 Similis
1335 843 1447 894 autem
1467 821 1609 892 omnind
1627 821 1675 897 est
1696 825 1782 895 ratio
1802 825 1937 899 alterius
1961 827 2050 900 Phae·

620 932 758 1026 nomeni
788 923 1021 1000 declinationis
1054 920 1178 997 scilicet
1205 919 1226 996 lt
1253 915 1317 997 fitu
1348 923 1501 997 verticali
1528 945 1718 1026 comparata
1730 973 1744 1014 ,
1779 949 1856 1025 quae
1883 951 2053 1027 nunquam

620 1037 665 1110 ad
692 1032 755 1128 5¹²¹
774 1027 952 1124 exsurgere
976 1019 1095 1126 potest.

928 1315 1752 1449 carur'runrrust
1877 1327 1886 1338 ’

652 1641 657 1650 .
719 1587 786 1672 De
817 1577 960 1698 Figurd
973 1642 997 1682 ,1
1017 1609 1129 1698 quam
1158 1577 1256 1660 vires
1287 1574 1368 1662 crim
1397 1577 1488 1660 Solis
1518 1576 1596 1662 stim
1622 1575 1741 1664 Luna
1773 1549 1891 1668 Terre
1919 1585 1978 1668 sn-

665 1721 670 1730 ·
1137 1711 1159 1802 ’ᾗ
1171 1695 1301 1780 ducere
1329 1722 1516 1782 conantur.

953 2020 1097 2094 itLunb
1116 2019 1275 2091 oriundas
1299 2017 1654 2098 determinavermus,
1680 2021 1804 2116 quibus
1827 2015 1965 2116 stngulae
1980 2019 2058 2093 Ter·

953 2146 997 2194 rae
1024 2120 1194 2220 particulae
1220 2121 1264 2192 ad
1285 2115 1386 2192 fitum
1404 2116 1586 2196 relativum
1605 2118 1683 2195 clun
1705 2123 1790 2194 inter
1809 2120 1843 2194 se
1858 2123 1937 2194 tlun
1957 2119 2056 2220 respe-

626 2227 691 2308 ,nu
722 2227 856 2310 centri,
892 2223 988 2318 quod
1020 2224 1057 2294 in
1079 2224 1146 2293 hoc
1170 2221 1309 2316 negotio
1335 2240 1496 2313 tanquam
1526 2215 1699 2313 quiescens
1728 2217 1975 2311 consideratur,
1998 2225 2056 2310 im·

632 2332 836 2402 mutandum
857 2322 1103 2410 sollicitantut3
1132 2322 1219 2392 ordo
1243 2320 1450 2414 requireret,
1474 2341 1515 2389 ut
1536 2318 1602 2410 jam
1625 2319 1660 2390 in
1684 2317 1793 2417 ipsum
1813 2344 1975 2410 motum,
1996 2347 2056 2418 quo

631 2427 769 2526 lingulae
803 2423 974 2521 particulae
1000 2424 1087 2494 inter
1113 2419 1146 2492 se
1179 2420 1389 2492 commoveri
1425 2418 1569 2493 debeant
1581 2467 1594 2506 ,
1627 2420 1885 2517 inquireremus.
1937 2421 2058 2496 Vetiun

634 2532 716 2603 cum
739 2531 812 2600 haec
834 2519 1049 2618 investigario
1076 2516 1118 2592 fit
1140 2520 1268 2592 altioris
1291 2519 1488 2614 indaginis,
1524 2543 1623 2616 atque
1645 2545 1730 2620 opus
1759 2523 1878 2598 habeat
1896 2524 2058 2619 principiis

634 2628 839 2703 mechanicis
862 2626 907 2696 ad
925 2645 1058 2696 motum
1079 2621 1227 2720 partium
1250 2621 1337 2694 inter
1364 2615 1396 2692 se
1419 2617 1696 2717 respicientibus,
1721 2625 1833 2720 qualia
1850 2625 1911 2695 vix
1934 2621 2060 2716 usquam

483 1923 487 1930 '
630 1927 666 2026 ς.
694 1949 754 2030 31.
794 2011 796 2016 Ι
805 1915 966 2194 CU
980 1939 1010 1992 rt
1038 1878 1145 2016 igitur
1163 1915 1201 1989 in
1223 1918 1332 2017 capite
1354 1915 1564 2014 praecedente
1593 1915 1683 1992 vires
1705 1917 1777 1992 dun
1802 1917 1933 1995 98919
1964 1917 2058 2016 quim

513 2773 516 2780 λ
545 2752 548 2758 ’
636 2732 749 2804 adhuc
769 2726 982 2826 reperiuntur
993 2746 1007 2812 3
1040 2723 1077 2794 in
1097 2724 1164 2794 hoc
1188 2721 1296 2817 capite
1317 2743 1389 2795 rem
1407 2718 1595 2794 'secundum
1617 2725 1780 2822 principia
1803 2721 1918 2796 statice
1936 2721 2061 2798 ulterilu

636 2827 793 2930 persequi
815 2847 1019 2926 pergamus,
1043 2847 1082 2896 ac
1101 2818 1247 2918 figuram
1266 2823 1551 2910 determinemus,
1584 2845 1688 2918 quam
1711 2826 1800 2898 vires
1823 2821 1913 2900 Solis
1934 2827 1972 2898 bc
1998 2823 2060 2896 Lu·
2158 2907 2159 2912 Ἰ

534 2997 539 3002 .
637 2957 690 3006 nar
711 2933 790 3002 cum
816 2921 951 3002 seorsim
966 2924 1049 2999 -tbtn
1072 2924 1175 2998 etiam
1202 2920 1412 3014 conjundlim
1435 2923 1595 2996 inducere
1614 2946 1786 2998 conantur.
1839 2923 1950 2999 Hunc
1973 2925 2007 2996 in
2028 2917 2062 2992 fi·

638 3057 719 3106 nem
740 3030 885 3124 Terram
907 3027 1137 3122 undequaque
1168 3021 1309 3096 materia
1331 3018 1436 3094 luda
1465 3019 1522 3096 seu
1548 3023 1637 3118 aqud
1661 3023 1806 3098 andam
1833 3025 2062 3120 contemplabi-

641 3151 741 3214 mur,
767 3131 838 3227 qub
868 3126 1158 3200 sollicitationibus
1179 3124 1318 3198 obedite
1339 3148 1377 3195 ac
1402 3117 1549 3218 liguram
1578 3125 1620 3196 iis
1646 3125 2001 3200 convenientem-actu
2019 3127 2064 3196 in·
2157 3201 2158 3210 ἵ

642 3237 748 3308 cluere
774 3252 884 3328 queat
938 3225 982 3300 In
1003 3230 1070 3300 boc
1089 3226 1214 3314 scilicet
1243 3225 1383 3322 negotio
1405 3222 1525 3298 Solem
1545 3225 1584 3298 dt
1613 3223 1751 3298 Lunam
1771 3228 1895 3323 pariter
1915 3251 1955 3300 ac
1976 3227 1987 3298 i
2010 3223 2066 3298 satu

641 3333 787 3428 Terram
809 3331 1017 3428 quiescentes
1042 3327 1271 3423 concipimus,
1308 3325 1356 3398 ita
1377 3345 1415 3397 ur
1440 3326 1526 3398 inter
1558 3324 1589 3398 se
1617 3325 1780 3424 perpetus
1802 3329 1951 3403 eundem
1980 3249 2065 3398 lam

545 3491 546 3494 ,
643 3435 825 3509 relativum
849 3433 1048 3506 conservent
1059 3450 1169 3546 ,quo
1194 3425 1296 3524 pasio
1319 3423 1436 3498 Terra
1456 3427 1498 3542 99
1518 3425 1707 3544 adlionibus
1733 3427 1822 3504 Solis
1844 3427 2010 3546 acLuna
2029 3421 2066 3496 fi·

644 3557 950 3709 asserir?
974 3521 2068 3727 9999999999999999999

644 3735 794 3808 futuram
817 3727 882 3806 else
907 3729 1105 3824 adjumento
1128 3727 1171 3800 ad
1197 3727 1346 3821 ejusdem
1366 3723 1485 3826 figurae
1508 3729 1818 3806 transmutationem
1839 3728 2068 3816 definiendam,

545 3867 548 3874 ⁴
645 3833 672 3918 sr
695 3835 768 3914 sam
788 3833 860 3909 Soli
883 3831 989 3929 quam
1005 3831 1113 3904 Lunae
1136 3853 1249 3904 motus
1271 3832 1446 3906 tribuatur.
1827 3833 1831 3844 '

698 3965 731 4060 §
760 3986 821 4064 32.
874 3953 1136 4033 Consideremus
1158 3958 1263 4056 igitur
1285 3957 1434 4054 primum
1459 3957 1602 4037 Terram
1624 3961 1662 4034 in
1675 3956 1765 4050 ,statu
1783 3959 1842 4036 suo
1866 3943 2019 4044 naturali,
2039 3957 2069 4028 in

645 4089 751 4164 quem
778 4065 810 4138 se
834 4059 900 4136 sola
920 4061 957 4133 vi
975 4061 1153 4158 gravitatis
1177 4056 1390 4158 cornposuit3
1414 4062 1451 4134 in
1474 4085 1569 4158 quo,
1596 4061 1675 4136 cum
1697 4065 1852 4136 habitura
1874 4059 1917 4136 stt
1940 4061 2071 4160 figuram

645 4165 867 4267 sphaericam,
893 4162 1108 4264 repraesentet
1134 4161 1277 4236 circulus
1303 4163 1463 4236 ADBE
1484 4163 1541 4239 seu
1563 4163 1678 4264 potibs
1702 4167 1823 4261 globus
1848 4166 1921 4258 ejus
1945 4163 2071 4239 rotario·

644 4293 688 4344 ne
708 4293 802 4344 ortus
829 4263 996 4351 Terram,
1036 4288 1143 4362 quam
1169 4287 1325 4362 praterea
1359 4269 1512 4364 undique
1539 4267 1628 4363 aqud
1653 4263 1886 4344 circumfusam
1917 4268 2071 4364 ponimus·

644 4365 809 4446 Versetur
827 4369 894 4461 jam
919 4366 980 4442 Sol
1002 4367 1057 4441 vel
1087 4365 1188 4438 Luna
1210 4366 1247 4438 in
1268 4367 1314 4448 S,
1340 4365 1474 4462 aculus
1498 4369 1535 4442 vi
1556 4361 1636 4442 'cum
1659 4368 1807 4463 gravitas
1837 4367 1994 4442 naturalis
2017 4381 2072 4434 tam

647 4469 685 4542 in
710 4477 746 4543 A
764 4471 869 4568 quim
887 4471 972 4542 inB
999 4469 1235 4552 diminuatur,
1260 4469 1297 4540 in
1318 4470 1355 4538 D
1377 4469 1461 4541 verd
1482 4471 1522 4544 dt
1543 4468 1577 4542 Ε
1595 4493 1780 4566 augeatur,
1806 4465 2016 4554 manifestius
2036 4453 2075 4533 est

646 4565 791 4644 Terram
820 4571 876 4646 seu
897 4569 1011 4666 potius
1032 4593 1155 4666 aquam
1178 4569 1228 4641 illi
1252 4569 1488 4644 circumfusam
1510 4569 1679 4645 elevamm
1699 4571 1741 4644 iri
1762 4571 1798 4642 in
1823 4575 1859 4643 A
1877 4572 1916 4644 δι
1941 4575 1985 4656 Β,
2010 4583 2077 4642 con·

592 4743 594 4751 ,
644 4671 699 4745 trit
723 4673 806 4748 verti
826 4675 862 4745 in
883 4673 919 4742 D
941 4671 980 4744 dc
1004 4671 1037 4742 Ε
1058 4671 1203 4768 deprimi
1226 4721 1236 4754 ,
1261 4671 1366 4768 idque
1391 4671 1553 4769 eousque,
1579 4675 1694 4772 quoad
1718 4669 1967 4746 sollicitationes
1987 4671 2007 4744 a
2024 4667 2080 4740 So·

642 4769 676 4862 le
694 4771 840 4860 utrave
853 4775 892 4852 iu
914 4772 1113 4865 §oriundae
1131 4793 1216 4856 sum
1234 4771 1272 4852 ri
1292 4773 1475 4876 grauitatis
1489 4777 1534 4854 ad
1554 4775 1784 4878 aequilibrium
1797 4773 1924 4860 suerius
1940 4767 2086 4940 tedas}⁸
