4482 5658
516 549 519 556 .
654 480 706 562 st
969 455 1376 546 Purrosoruru
1435 452 1763 544 Narraturus

468 608 521 670 ns
540 606 629 666 uun-
651 605 723 702 (³)
761 625 828 712 per
859 593 938 702 jam
968 621 1057 683 ante
1085 598 1231 688 ostensa
1262 620 1412 682 certum
1443 592 1630 709 estquod
1658 585 1895 707 temporibus
1929 597 2077 706 aquali.

468 685 632 824 2⁸35*
653 719 724 805 bus
751 715 967 802 describent
997 723 1156 829 aqualia
1189 719 1418 831 spatiatum
1443 716 1558 814 luni,
1590 710 1757 826 ideoque
1785 704 1894 824 quod
1920 708 2078 798 suntad

487 893 493 898 -
580 889 584 898 ·
653 849 911 951 quantitatem
942 846 1112 922 materiae
1140 844 1181 923 in
1205 839 1325 938 luna,
1357 855 1399 918 ut
1416 831 1588 947 pondera
1615 835 1677 916 ssa
1705 828 1757 916 ad
1780 832 1889 942 ipfius
1917 828 2078 942 pondus.

574 957 579 968 ’
652 961 775 1048 Porro
870 964 970 1038 niam
990 953 1167 1042 satellites
1183 961 1280 1067 jovis
1301 953 1808 1066 temporibus‘revolvuntur
1832 978 1916 1061 quar
1938 945 2094 1038 suntin„

652 985 1092 1186 rationflbsquiplicati
1117 1071 1378 1162 distantiarum
1405 1071 1427 1156 d
1453 1097 1588 1156 centro
1613 1075 1729 1176 jovis,
1761 1075 1834 1168 (²¹)
1865 1091 1977 1153 erunt
2013 1099 2079 1154 eo·

651 1223 740 1280 rum
778 1199 982 1309 gravitates
1022 1195 1306 1276 acceleratrices
1345 1198 1385 1274 in
1426 1194 1557 1296 jovem
1597 1185 1797 1301 reciproce
1825 1207 1868 1270 ut
1894 1185 2077 1295 quadrata

647 1309 912 1400 distantiarum
947 1309 970 1390 d
999 1332 1135 1394 centro
1166 1314 1290 1418 joviss
1335 1318 1377 1392 dr
1406 1333 1607 1419 propterea
1635 1314 1675 1388 in
1709 1303 1915 1417 aequalibus
1945 1308 2081 1412 aijove

651 1425 864 1528 distantiis,
906 1453 1044 1510 eorum
1085 1437 1292 1542 gravitates
1338 1429 1622 1508 acceleratrices
1661 1420 1869 1507 evaderent
1907 1429 2082 1534 aequales.

652 1546 825 1638 Proinde
839 1543 1075 1660 temporibus
1087 1544 1294 1657 aequalibus
1311 1541 1359 1627 ab
1378 1542 1583 1652 equalibus
1604 1537 1865 1626 altitudinibus
1886 1537 2082 1643 radendo,

651 1665 911 1753 destriberenr
945 1668 1105 1774 aequalia
1135 1663 1273 1776 spatia3
1320 1656 1480 1772 perinde
1517 1684 1560 1744 ut
1584 1665 1630 1744 fit
1658 1668 1698 1744 in
1733 1658 1909 1772 gravibus
1941 1665 1982 1745 in
2011 1666 2084 1747 haic

642 1790 758 1888 ,terri
785 1784 920 1870 nostri.
980 1786 1029 1867 Et
1057 1788 1138 1882 (¹)
1167 1774 1311 1868 eodem
1338 1801 1567 1890 argumento
1594 1783 1755 1892 planetae
1786 1777 2084 1878 circumsolares,

657 1903 706 1991 ab
738 1901 944 2018 aequalibus
967 1902 989 1984 Ξ
1015 1900 1092 1985 sole
1116 1895 1299 1987 distantiis
1327 1892 1503 1998 demini,
1534 1894 1711 1982 descensu
1736 1895 1802 1980 suo
1826 1904 1864 1978 in
1898 1894 2017 1984 solem
2042 1929 2087 1984 ae.

658 2009 834 2136 qualibus
856 2017 1096 2131 temporibus
1124 2021 1283 2132 aequalia
1307 2018 1422 2127 spatia
1451 2011 1721 2101 describerent.
1782 2020 1852 2121 (Ὺ)
1878 2020 1990 2102 Vires
2022 2049 2089 2102 au·

657 2167 769 2245 tem,
794 2136 934 2251 quibus
961 2163 1124 2247 corpora
1158 2139 1357 2246 inaequalia
1381 2140 1575 2247 aqualiter
1603 2137 1889 2232 accelerantur,
1930 2131 2017 2223 sunt
2046 2161 2089 2221 ur

659 2285 852 2372 corporae
890 2257 967 2336 hoc
996 2258 1073 2352 est,
1115 2251 1286 2366 pondera
1311 2275 1354 2337 ut
1382 2261 1613 2363 quantitates
1641 2262 1812 2340 materiae
1847 2241 2090 2364 in'planetis.

660 2382 785 2468 Porro
809 2378 905 2482 jovis
941 2375 1092 2476 &ejus
1125 2372 1327 2457 satellitum
1352 2367 1523 2482 pondera
1556 2383 1597 2458 in
1637 2374 1757 2456 solem
1788 2379 2092 2484 proportionalia

660 2489 735 2585 elle
754 2489 1029 2606 quantitatibus
1052 2498 1220 2575 materiae
1242 2517 1377 2575 eorum
1404 2512 1511 2600 patet
1532 2519 1581 2602 ex
1606 2515 1717 2576 motu
1740 2493 1944 2578 satellitum
1969 2521 2091 2608 quam

550 2661 556 2672 =
662 2612 833 2698 maximi
863 2609 1051 2722 regularis
1078 2639 1148 2724 per
1172 2612 1292 2692 corol.
1321 2635 1356 2713 3.
1382 2636 1493 2720 prop.
1515 2639 1621 2697 axv.
1645 2611 1713 2696 lib.
1742 2637 1777 2695 1.
1837 2613 1996 2695 Namsr
2022 2616 2094 2696 ho·
2173 2677 2176 2688 .

661 2761 748 2826 rum
776 2733 894 2842 aliqui
924 2737 1046 2846 magis
1074 2727 1314 2811 traherentur
1344 2737 1385 2810 in
1414 2727 1552 2828 solem,
1583 2758 1653 2843 pro
1679 2735 1892 2842 quantitate
1922 2742 2092 2818 materiae

662 2851 760 2950 sivae,
789 2873 908 2962 quam
936 2855 1090 2933 caeteri:
1121 2871 1248 2930 morus
1280 2845 1482 2932 satellitum
1510 2858 1603 2958 (per
1636 2851 1756 2932 torol.
1779 2881 1815 2934 2.
1843 2877 1955 2966 prop.
1983 2881 2095 2936 axv.

660 2971 728 3055 lib.
761 2975 824 3062 1.)
855 2993 902 3048 ex
926 2969 1183 3080 inaquositate
1211 2970 1445 3049 attrasiionis
1467 2967 1789 3076 perturbarentur.
1850 2970 1909 3067 Si,
1940 2969 2096 3082 paribus

663 3091 687 3180 a
712 3087 789 3172 so'le
815 3081 1026 3179 distantiis,
1055 3081 1196 3166 satelles
1224 3086 1357 3195 aliquis
1380 3091 1534 3198 gravior
1558 3081 1709 3170 alletia
1734 3084 1853 3170 solem
1877 3116 1947 3199 pro
1973 3119 2095 3201 quan.

664 3215 775 3293 ritate
801 3210 971 3289 materiae
997 3201 1082 3302 suar,
1114 3229 1232 3313 quam
1260 3205 1399 3315 jupiter
1424 3229 1496 3314 pro
1527 3215 1739 3316 quantitate
1756 3214 1925 3292 materiae
1945 3203 2030 3306 luae,
2056 3217 2097 3296 in

664 3333 813 3410 ratione
830 3323 1060 3437 quicunque
1083 3315 1197 3417 dati,
1222 3345 1313 3434 puta
1329 3321 1354 3402 d
1370 3318 1470 3407 ade:
1492 3317 1666 3409 distantia
1688 3334 1787 3408 inter
1811 3350 1985 3411 centrum
2007 3333 2097 3414 solis

665 3457 913 3535 &centrum
950 3440 1052 3521 orbis
1084 3441 1272 3539 satellitis,
1304 3446 1426 3547 major
1463 3441 1609 3554 semper
1636 3444 1738 3527 foret
1769 3471 1887 3556 quam
1922 3441 2098 3533 distantia

666 3571 767 3652 inter
804 3577 981 3650 centrum
1010 3555 1094 3645 solis
1136 3569 1178 3648 δι
1225 3583 1403 3648 centrum
1429 3561 1527 3669 jovis
1564 3569 1605 3650 iu
1643 3570 1793 3648 ratione
1834 3559 2097 3680 subduplicati

1471 3695 1481 3718 ⁴
1978 3713 2100 3802 quam

585 3955 594 3978 ‚
705 3889 830 3984 ω’*
858 3895 910 3952 Par
922 3894 984 3967 jam
1004 3888 1182 3976 antioflenfia
1203 3895 1310 3974 (prop.
1328 3913 1357 3966 4.
1410 3909 1542 3984 tempore
1579 3893 1848 3981 planeta-quilibet
1869 3894 2098 3985 ‚circumrotatis

668 3963 722 4034 lib.
738 3972 825 4048 hupus
839 3969 864 4044 i.
1408 3989 1488 4032 omna
1515 3992 1596 4032 motu
1625 3975 1813 4038 revolutionts
1833 3990 1959 4052 pravatus
1982 3973 2043 4037 sota
2070 3977 2099 4037 vi

707 4047 772 4122 (u)
814 4045 1064 4110 *Rauracorum
1079 4051 1236 4128 gravitates
1251 4047 1356 4108 maele·
1408 4048 1571 4128 centriperi
1588 4051 1775 4114 descenderet
1795 4053 1822 4108 δι
1838 4049 1873 4110 ad
1893 4049 1985 4112 solem
2007 4053 2099 4130 usque

668 4130 791 4186 tutrices.
831 4121 909 4200 (Per
931 4139 994 4182 cor.
1017 4143 1043 4179 a.
1064 4143 1145 4202 prop.
1169 4121 1225 4200 51).
1303 4197 1309 4210 ¹
1408 4125 1571 4218 perveniret
1598 4145 1633 4188 ear
1662 4126 1728 4189 daus
1748 4127 1810 4207 ejus
1836 4127 1945 4215 isole
1965 4128 2101 4217 distantis

546 4267 556 4288 ‚
706 4203 770 4282 (a)
808 4200 885 4258 *Ea
902 4198 993 4285 eodem
1012 4217 1182 4276 argumento.
1201 4198 1362 4288 ‘Gratata‘
1408 4203 1566 4266 innoteseat
1590 4225 1640 4284 per
1663 4222 1726 4264 not.
1747 4221 1810 4274 aot.
1846 4203 1897 4264 ltb.
1923 4223 1947 4264 r.
1969 4205 2098 4272 drmid'to

564 4279 573 4292 ⁴
669 4293 714 4348 tes
741 4279 963 4366 acceleratftees
994 4275 1172 4366 planetarum
1199 4297 1234 4365 ¹¹¹.
1258 4275 1357 4336 Solem
1407 4281 1593 4342 scilieetreoa
1635 4281 1672 4342 ris
1688 4273 1832 4362 periodiei
1851 4299 1910 4358 quo
1929 4282 2043 4359 planeta
2062 4281 2100 4342 ad

668 4353 732 4416 sunt
751 4367 900 4432 reciproce
916 4369 948 4412 ur
967 4353 1104 4428 quadrata
1122 4353 1353 4418 datlantrarumd
1404 4357 1564 4418 &staurium
1588 4301 1676 4436 ddplb
1696 4357 1839 4416 minorem
1862 4359 1972 4418 revolvi
1994 4358 2097 4436 posset,

668 4431 867 4520 centrosolis
892 4431 981 4517 (rot.
1000 4449 1030 4491 a.
1048 4449 1131 4512 prop.
1150 4431 1200 4520 5:)
1219 4437 1353 4518 &prop-
1404 4435 1458 4496 five'
1478 4453 1608 4514 tempore
1627 4436 1707 4516 quod
1721 4433 1762 4494 est
1781 4434 1816 4495 ad
1838 4451 1947 4522 tempus
1966 4433 2099 4514 periodi·

667 4507 1378 4672 :trunulu..i.⁸.⁰lta¹taart·
1405 4507 1974 4668 antissent.arturit
1993 4515 2098 4590 lm·

666 4659 804 4737 aquales,
834 4659 1009 4748 prorode‘que
1034 4661 1210 4750 temporebus
1235 4662 1356 4739 aequalr-
1444 4663 1507 4744 (y)
1545 4665 1567 4709 ’⁸‘
1586 4671 1660 4724 Vires
1679 4683 1772 4724 auam
1786 4664 2018 4751 quibuancmpora
2032 4670 2098 4732 tva·

666 4739 761 4874 bnsbab
772 4735 923 4871 equplrbns
935 4737 1277 4896 ιΙειὲἓῗιηιδυᾶςιάοῃάο
1295 4735 1358 4796 des·
1408 4747 1512 4824 qualia.
1552 4742 1645 4822 (Des.
1662 4763 1689 4815 7.
1702 4747 1804 4806 &nota
1818 4759 1862 4819 ts.
1874 4741 1927 4806 lab.
1939 4737 2002 4817 u).

664 4831 707 4884 ert
729 4831 809 4876 attor
843 4829 919 4892 patra
938 4831 984 4892 eq
1032 4833 1069 4876 ra.
1148 4831 1233 4876 uarro
1259 4831 1358 4876 auteur
1855 4861 1858 4866 .
