4354 5678
549 457 551 462 ’
610 491 699 589 354
828 471 1170 558 Inontstrro
1218 457 1463 539 Perstet
1514 473 1572 546 ru
1625 457 1852 544 Crustu

608 617 653 689 dt
678 609 900 684 Norma'nniae
920 606 1136 681 observantur
1158 596 1390 692 continudque
1413 591 1523 690 magis
1547 599 1785 687 retardantur,
1810 591 1971 672 attendas
1987 591 2050 667 ins-

512 757 519 778 ι
607 717 788 816 piciannu.
839 705 991 782 Deberet
1012 707 1155 802 quidem
1179 701 1306 797 ubique
1330 695 1461 770 Fluxus
1496 695 1536 786 in,
1560 695 1650 791 ipsos
1677 697 1788 772 Lunae
1810 690 1965 772 transitus
1992 720 2048 792 per

581 881 586 896 .
610 814 840 890 meridianum
859 810 1026 889 incidere,
1066 801 1368 898 insequendoque
1398 796 1443 866 ob
1467 793 1582 868 Solem
1604 801 1810 893 ptaecedete,
1850 823 1922 870 non
1943 797 2049 869 solum

608 915 729 990 demtd
751 913 881 992 inertis,
909 907 1086 982 sedetiam
1107 901 1150 976 ea
1170 897 1287 998 postca,
1313 893 1338 967 st
1361 918 1493 968 tannun
1513 919 1609 992 aquae
1633 921 1746 970 motus
1768 900 1936 973 verticalis
1959 897 2049 994 spec·

609 1041 702 1092 tetur
715 1040 727 1096 ς
741 1025 746 1034 “
758 1037 791 1084 at
812 1007 837 1082 st
859 1013 969 1084 etiam·
985 1003 1098 1079 motiu
1122 999 1342 1076 horizontalis
1363 998 1448 1068 tatio
1471 998 1658 1085 habeatur,
1683 1021 1757 1070 tum
1774 998 1925 1074 dilucide
1943 995 2050 1070 osten-

614 1120 730 1198 dimus
754 1113 905 1188 Fluxurn
924 1107 1088 1205 perpetud
1111 1103 1295 1186 retardari,
1334 1122 1372 1170 ac
1394 1099 1534 1169 demum
1565 1095 1640 1194 post
1665 1099 1775 1174 Lunae
1798 1094 1973 1173 transitum
1995 1120 2051 1192 per

614 1217 843 1290 meridianum
865 1213 1001 1285 evenire
1021 1210 1152 1280 debete.
1215 1201 1370 1295 Tempus
1399 1197 1540 1292 quidem
1567 1198 1668 1292 hujus
1698 1200 1931 1274 retardationis
1938 1198 2050 1286 ‚clun

614 1314 656 1392 stt
681 1315 867 1388 admodum
885 1309 1044 1382 variabile
1072 1301 1289 1402 pluribusque
1314 1292 1566 1374 circumstantiis
1591 1297 1803 1390 subjedlum,
1836 1325 1908 1372 non
1930 1295 2051 1372 defini·

615 1419 758 1501 vimus,
784 1415 921 1486 interim
944 1433 1058 1481 tamen
1079 1410 1115 1478 id
1134 1430 1177 1476 ex
1200 1405 1231 1498 §.
1255 1410 1317 1480 82.
1339 1397 1454 1494 colligi
1479 1398 1624 1494 poterit,
1651 1403 1789 1474 remotis
1811 1403 1960 1474 externis
1987 1401 2050 1470 im.-

617 1515 843 1618 pedimentis:
871 1511 1069 1584 cummim
1099 1506 1330 1578 invenerimus
1358 1519 1481 1594 aquam
1501 1499 1639 1594 proprii
1667 1502 1703 1572 vi
1728 1502 1903 1597 gravitatis
1926 1497 1992 1574 sese
2017 1500 2052 1570 in

617 1648 720 1726 situm
743 1641 922 1740 aequilibrii
950 1644 1098 1769 reciperq
1124 1663 1277 1736 tempore
1302 1621 1542 1754 {horarum
1578 1665 1617 1715 ac
1641 1665 1823 1717 numerum
1850 1637 1963 1718 nesse
1989 1639 2051 1712 cir¹

618 1788 706 1860 citet
725 1799 744 1878 5
773 1774 830 1847 vel
855 1778 901 1866 6,
927 1775 1138 1854 manifestum
1160 1771 1207 1848 est
1229 1798 1323 1846 tanto
1342 1777 1444 1850 etiam
1464 1798 1616 1872 tempore
1642 1803 1727 1874 opus
1751 1775 1838 1866 esse,
1855 1857 1859 1862 ,
1878 1801 1951 1874 quo
1971 1798 2055 1870 aqua

617 1909 701 1960 eum
728 1873 827 1954 situm
845 1875 948 1976 quem
976 1884 1064 1956 vires
1085 1877 1290 1963 intendunt,
1323 1875 1459 1960 induat,
1484 1867 1527 1952 ἐκ
1548 1901 1618 1976 quo
1640 1879 1771 1953 Fluxus
1790 1881 1925 1952 circiter
1946 1901 1969 1954 2
1992 1880 2053 1947 ho·

620 1982 674 2058 ras
695 1984 752 2056 vel
772 1984 918 2078 2}hor.
938 1979 1011 2079 post
1031 1975 1205 2052 transitum
1229 1975 1424 2074 Lunaeper
1443 1979 1668 2054 meridianum
1691 1982 1888 2078 contingere
1911 1978 2054 2062 debebit,

622 2093 661 2165 id
679 2093 867 2187 quodcum
886 2089 1173 2162 obseruationibus
1194 2087 1231 2156 in
1255 2085 1397 2170 Oceano
1414 2084 1521 2158 libero
1544 2081 1702 2158 institutis
1726 2087 1864 2184 egregii
1887 2083 2056 2168 convenis

621 2195 778 2288 hancque
806 2193 934 2266 idcirco
968 2190 1171 2290 praecipuam
1197 2185 1297 2298 hujus
1329 2186 1562 2264 tetatdationis
1601 2183 1732 2260 causam
1762 2187 1887 2263 metito
1925 2179 2055 2282 adigun-

625 2315 713 2365 mus.
800 2325 802 2330 ¹

677 2393 710 2486 §·
743 2415 827 2470 roa.
879 2390 1040 2466 Tertium
1059 2389 1312 2462 Phanomenon
1333 2385 1522 2486 suppeditat
1546 2385 1642 2464 aestds
1661 2391 1878 2488 magnitudo,
1904 2411 1981 2486 quae
2001 2409 2057 2474 au·

624 2512 697 2566 mm
722 2515 793 2564 tam
809 2489 952 2566 diverso
969 2493 1053 2564 iocis
1078 2489 1183 2586 quim
1205 2481 1344 2561 dixersts
1372 2511 1442 2561 tem
1466 2486 1620 2572 abatibus
1639 2491 1787 2570 maxime
1811 2489 1860 2564 est
1883 2487 2055 2562 mutabilis

598 2585 772 2686 ‚herim
794 2617 907 2671 tamen
926 2594 1074 2690 exceptis
1094 2591 1290 2674 enormibus
1313 2587 1377 2660 illis
1404 2614 1432 2660 ae
1508 2615 1573 2681 ut,
1599 2594 1661 2687 qui
1684 2593 1856 2664 nonnullis
1878 2593 1917 2662 in
1944 2609 2057 2685 portu-

624 2691 693 2765 bus
722 2689 890 2766 obsetvari
918 2691 1046 2781 solent,
1083 2691 1206 2784 reliqui
1233 2711 1311 2762 cum
1342 2685 1454 2763 noslrd
1476 2689 1630 2768 Theorid
1657 2693 1795 2790 egregie
1827 2690 2058 2772 consentinus

628 2793 751 2871 inertid
769 2793 863 2869 enim
890 2791 1037 2876 sublati,
1063 2791 1255 2864 invenimus
1279 2788 1339 2862 sub
1362 2813 1532 2886 aequatore
1555 2795 1742 2866 maximum
1769 2789 1885 2866 aellum
1910 2791 1983 2863 sore
2006 2809 2060 2884 per

616 2891 774 2990 spatium
798 2895 929 2966 circiter
949 2919 982 2990 ‘4
1000 2893 1153 2990 pedum,
1177 2892 1232 2962 'ab
1256 2891 1378 2962 inertia
1398 2914 1512 2964 autem
1542 2895 1610 2965 hoc
1638 2895 1854 2968 intervalltun
1875 2891 1994 2988 augeri
2018 2889 2060 2960 itr

523 3011 525 3016 ’
628 3017 668 3068 ut
692 2995 739 3067 du
764 2993 823 3085 lo,
849 2995 905 3066 vel
928 2996 1041 3092 triplo,
1067 2991 1247 3066 ueletiam
1270 2991 1461 3086 quadruplo
1485 2994 1524 3068 dt
1553 2993 1628 3089 plus
1649 2991 1707 3068 siat
1735 2995 1856 3088 majus,
1881 3014 1984 3088 prout
2007 3012 2060 3060 va·

631 3093 712 3168 loti
751 3118 801 3166 tus
865 3095 1117 3188 (vid.§.82.>
1139 3092 1251 3161 minor
1271 3090 1372 3162 suerit
1396 3091 1603 3184 salmoim,
1639 3095 1767 3192 quippe
1786 3096 1847 3190 qui
1872 3094 1894 3166 *a
1915 3089 2064 3166 facultate

631 3191 768 3268 Oceani
795 3121 862 3272 sele
888 3195 1025 3292 proprii
1052 3191 1110 3267 sua
1141 3191 1179 3262 xi
1209 3193 1246 3262 in
1267 3185 1387 3268 statum
1412 3195 1597 3288 -aequilibrii
1622 3193 1819 3272 restituendi
1844 3193 2001 3290 pendet3
2022 3209 2063 3266 ex

628 3317 703 3392 quo
725 3295 785 3368 sub
806 3319 974 3392 aequatore
996 3295 1139 3391 spatium
1159 3315 1219 3387 per
1241 3293 1344 3387 quod
1363 3295 1529 3365 maximus
1551 3291 1646 3370 aestus
1669 3299 1814 3393 agitatur
1833 3297 1878 3368 nd
1900 3302 1934 3373 8·
1952 3341 1964 3380 ,
1995 3314 2062 3376 ια,

553 3480 555 3483 .
636 3396 687 3472 16
708 3396 880 3496 &plures
904 3399 1007 3493 pedes
1030 3395 1209 3489 exsurgere
1231 3387 1348 3489 potest.
1374 3443 1377 3449 a
1414 3389 1458 3464 In
1477 3397 1674 3493 regionibus
1696 3420 1810 3470 autem
1836 3398 1879 3468 ab
1900 3411 2068 3490 aequatore

633 3499 772 3570 remotis
792 3499 990 3571 invenimus
1016 3495 1289 3590 magnitudinem
1311 3489 1407 3564 testis
1430 3515 1544 3570 tenere
1567 3497 1733 3570 tationem
1758 3495 1967 3594 duplicatam
1989 3485 2071 3564 cost-

634 3617 742 3668 nuum
757 3597 964 3672 elevationis
987 3595 1082 3692 poli,
1108 3595 1199 3666 unde
1223 3589 1283 3662 sub
1302 3592 1491 3668 elevatione
1509 3597 1582 3692 poli
1601 3599 1717 3694 45⁹„
1749 3597 1953 3694 magnitudo
1978 3588 2070 3670 estin

636 3697 769 3770 circiter
793 3697 898 3794 duplo
917 3698 985 3769 erit·
1000 3698 1111 3770 minor
1130 3693 1236 3789 quim
1256 3689 1319 3773 sub
1335 3692 1408 3791 ipso
1428 3717 1623 3790 aequatore3
1657 3698 1749 3790 cnjus
1778 3700 1902 3772 veritas
1931 3695 1972 3768 in
1993 3691 2074 3766 locis

635 3795 847 3876 {littoribus
874 3799 1004 3894 aliquot
1031 3795 1185 3867 milliaria
1212 3795 1350 3866 remotis
1376 3820 1436 3894 per
1457 3799 1701 3892 experientiam
1728 3795 1854 3872 eximie
1873 3795 2076 3892 comproba·

638 3919 704 3970 tur.
727 3961 730 3968 .
756 3887 1036 3996 Deprehenditut
1059 3898 1150 3970 enim
1170 3896 1297 3988 ubique
1318 3895 1354 3966 in
1376 3896 1459 3967 locis
1481 3895 1684 3973 ilistoribus
1705 3901 1844 3974 remotis
1866 3893 1967 3970 aestus
1990 3893 2077 3970 uutl·

641 3997 680 4070 td
702 3999 813 4070 minor
837 3999 943 4092 quim
968 3999 1164 4083 ad·littora;
1191 3993 1284 4087 cujus
1308 3995 1507 4069 discriminis
1535 3997 1630 4072 causa
1654 4001 1691 4070 in
1716 3999 1867 4094 sequenti
1889 3999 2007 4094 capite
2027 3995 2077 4066 di·

641 4073 990 4192 lucideqindicabstur.
1054 4095 1256 4186 Quinetiam
1285 4099 1322 4167 in
1354 4093 1468 4172 medio
1499 4095 1591 4182 Mari
1616 4099 1818 4198 plerumque
1843 4094 1942 4170 aestus
1972 4098 2080 4170 adhuc

643 4201 762 4272 minor·
784 4197 1002 4282 observatur,
1028 4199 1222 4297 quiamhaec
1240 4197 1357 4294 regula
1381 4199 1542 4294 requirit3
1567 4204 1738 4276 idautem
1755 4198 1954 4273 ostendetur
1974 4197 1998 4274 ”a
2019 4219 2082 4266 non

641 4297 717 4376 litis
741 4281 853 4398 arnpld
880 4301 1012 4376 Oceani
1036 4295 1228 4381 extensione
1249 4299 1432 4372 secunditm
1453 4300 1702 4396 longitudinem
1727 4297 1922 4397 proficisci,
1961 4321 2081 4396 quem·

642 4402 829 4477 admodum
855 4404 892 4474 in
924 4403 1070 4476 Oceano
1091 4397 1269 4474 Atlantico
1293 4403 1353 4498 qui
1381 4399 1498 4474 vetsbs
1530 4401 1757 4476 Occidentem
1776 4404 1952 4476 littoribus
1974 4397 2084 4474 Ante·

643 4501 747 4587 ritat3
781 4503 898 4576 verriu
928 4501 1111 4578 Orientem
1139 4500 1231 4594 verb,
1255 4501 1424 4573 littoribus
1449 4498 1578 4575 Asticae
1613 4506 1652 4578 δι
1694 4501 1841 4598 Europae
1865 4504 2084 4582 terminatur,

644 4621 722 4694 quae
747 4601 936 4696 amplitudo
955 4627 1025 4677 non
1041 4601 1088 4684 est
1106 4599 1181 4674 satis
1203 4623 1325 4700 magna
1335 4653 1347 4690 ,
1375 4625 1413 4676 ut
1432 4603 1597 4704 integram
1617 4601 1713 4680 aestbs
1738 4604 1973 4702 quantitatem
1993 4601 2087 4676 susci·

640 4723 722 4806 pere
752 4725 865 4806 queat.
899 4789 905 4798 ,

1936 4805 1976 4910 5.
2014 4819 2092 4906 ¹03³
