4558 5676
576 427 679 519 ¹676
788 419 791 426 '
869 409 1747 500 PnttosorrrtAE-Nnrunntrs

420 563 579 655 Derton-
603 559 751 672 dequo
773 565 905 667 utique
931 585 978 638 ex
994 556 1270 667 'phaenomenis
1294 558 1495 658 disserere,
1540 553 1589 642 ad
1617 557 1896 668 philosophiam
1922 579 2032 644 natu·

308 705 319 718 ''
424 644 581 776 sslf?
604 685 721 766 talem
752 687 925 788 pertinet,

667 801 858 894 haetenus
883 789 1133 902 phaenomena
1163 801 1342 881 celorum
1380 809 1421 881 δι
1455 797 1710 882 marisnostrt
1743 823 1811 906 per
1841 803 1922 878 vim
1949 822 2028 901 gra-

604 923 745 1002 vitarisx
763 912 952 1020 exposui,¹
968 905 1030 990 sed
1054 905 1201 994 causam
1225 921 1425 1028 ‘gravitatis
1449 909 1623 996 nondhm
1649 912 1837 1020 assignavi.
1899 919 2032 998 Oritur

606 1044 738 1145 utique
764 1029 844 1139 haec
873 1037 927 1110 vis
950 1025 1278 1142 h'causi'aliqui‚
1311 1063 1394 1144 quac
1422 1055 1594 1141 penetrat
1615 1023 1663 1108 ad
1691 1030 1805 1135 usque
1826 1056 1958 1115 centra
1975 1029 2033 1112 so·

607 1153 1004 1262 lis'&'planetarum,
1043 1149 1118 1230 fine
1142 1156 1292 1233 virtutis
1326 1145 1610 1234 diminutiones
1656 1176 1818 1255 querque
1846 1159 1924 1261 agit
1956 1179 2032 1232 non

607 1294 679 1382 pro
711 1274 920 1378 quantitate
943 1260 1214 1376 superficierum
1247 1271 1543 1378 particulatam,
1588 1273 1627 1346 in
1654 1292 1748 1372 quas
1778 1274 1858 1377 agit
1888 1281 1952 1368 (ut
1982 1266 2034 1350 so-

572 1393 690 1470 .lent
723 1385 838 1468 causat
871 1385 1131 1480 mechanicae)
1174 1383 1238 1468 sed
1269 1413 1339 1495 pto
1365 1395 1577 1496 quantitate
1609 1394 1779 1466 materias
1804 1379 1962 1496 solida
1993 1398 2032 1470 δε

609 1510 715 1611 cujus
742 1509 841 1585 auto
865 1509 904 1582 in
939 1509 1141 1584 immensas
1174 1499 1366 1586 distantias
1403 1503 1574 1612 undique
1608 1499 1850 1598 extenditur,
1880 1498 2034 1586 decres-

609 1619 736 1707 cendo
763 1621 909 1730 semper
927 1628 984 1700 in·
1002 1616 1193 1730 duplicari
1218 1630 1364 1704 ratione
1390 1616 1659 1702 distantiarum.
1721 1621 1897 1702 Gravitas
1920 1631 1959 1702 in
1981 1623 2035 1701 so.

601 1743 689 1831 'lem
723 1745 972 1848 componitur
1004 1767 1052 1818 ex
1075 1740 1322 1850 gravitatibus
1352 1748 1389 1820 in
1429 1741 1588 1849 singulas
1610 1735 1708 1820 solis
1734 1743 1965 1846 particulas,
1995 1751 2034 1822 δι

611 1853 830 1944 recedendo
860 1861 880 1936 i
911 1852 987 1935 sole
1015 1851 1196 1940 decrescit
1229 1857 1406 1939 accurare
1438 1863 1476 1938 in
1504 1853 1710 1966 duplicati⁴
1728 1863 1876 1939 rarione
1901 1853 2034 1938 dinan·

612 1987 751 2062 riarum
783 1969 832 2055 ad
866 1973 980 2082 usque
1005 1975 1140 2054 orbem
1172 1975 1338 2071 saturni,
1382 1968 1462 2072 (¹¹)
1495 1998 1538 2058 ut
1561 1981 1609 2054 ex
1638 1980 1768 2081 quiete
1798 1975 2037 2083 apheliorum

612 2101 849 2207 planetarum
879 2092 1118 2187 manifestum
1148 2097 1229 2189 est,
1270 2086 1530 2202 &adusque
1560 2095 1694 2172 ultima
1728 2115 1969 2176 cometarum
1999 2123 2038 2174 a·

614 2215 743 2326 phelia
758 2233 771 2307 3
803 2211 828 2290 fi
854 2205 975 2292 modo
1001 2209 1149 2320 aphelia
1176 2216 1239 2295 illa
1263 2209 1470 2322 quiescant.
1542 2212 1753 2294 Rationem
1779 2213 1872 2292 verb
1904 2211 2036 2293 harum

509 2377 511 2381 ·
612 2336 808 2443 gravitatis
841 2336 1117 2437 proprietatum
1149 2359 1195 2411 ex
1229 2330 1491 2441 phaenomenis
1524 2323 1698 2410 nondum
1731 2336 1839 2436 potui
1874 2324 2036 2408 deduce·

615 2477 686 2545 re,
709 2461 758 2532 δι
785 2445 1008 2550 hypotheses
1035 2475 1113 2527 non
1143 2448 1259 2560 lingo.
1332 2441 1539 2555 Quicquid
1567 2454 1671 2528 enim
1699 2473 1744 2525 ex
1776 2449 2037 2554 phoenomenis

492 2669 500 2676 .
615 2593 695 2650 non
723 2560 954 2658 deducitur,
997 2560 1185 2676 hprporhefis
1210 2559 1382 2646 vocanda
1412 2567 1489 2647 ests
1521 2561 1805 2672 &hypotheses
1834 2566 1895 2648 scu
1921 2586 2038 2646 meta·

614 2685 804 2798 physrcae,
836 2676 895 2761 seu
928 2679 1086 2789 phylicae
1101 2729 1124 2779 ,ν
1144 2684 1205 2766 seu
1235 2685 1462 2792 qualitatum
1479 2682 1752 2776 occultarum,
1795 2681 1856 2764 seu
1882 2682 2040 2764 mecha-

616 2812 739 2896 nicae,
782 2807 820 2880 in
848 2794 1070 2912 philosophici
1091 2799 1372 2918 experimentali
1411 2805 1540 2883 locum
1566 2828 1645 2882 non
1677 2797 1829 2884 habent.
1903 2805 1947 2882 ln
1971 2799 2041 2880 haic

617 2915 857 3034 philosophiis
898 2924 1171 3029 propositiones
1212 2915 1453 3001 deducuntur
1479 2947 1528 3000 ex
1558 2917 1846 3028 phoenomenis,
1890 2928 1932 3002 δι
1958 2909 2042 3000 red.

618 3033 761 3121 duntur
788 3039 981 3146 generales
1014 3068 1079 3149 per
1116 3034 1388 3122 indueronem.
1467 3039 1529 3121 Sic
1556 3039 1919 3145 impenetrabiliter,
1959 3059 2044 3115 mo·

620 3155 773 3250 bilitas,
804 3162 845 3235 &
874 3163 1037 3262 impetus
1067 3183 1272 3266 corporum
1298 3167 1339 3240 δι
1373 3157 1475 3268 leges
1497 3177 1674 3236 motuum
1704 3165 1744 3237 lic
1769 3160 1965 3265 gravitatis
1988 3160 2044 3235 in-

620 3296 840 3358 notuerunt.
921 3273 970 3355 Er
997 3273 1080 3355 saris
1106 3277 1159 3355 est
1191 3271 1296 3384 quod
1324 3281 1491 3386 gravitas
1522 3277 1653 3354 reverit
1687 3273 1840 3368 existat,
1888 3282 2046 3380 &agat

619 3384 829 3476 secundum
861 3393 963 3500 leges
990 3396 1010 3472 ir
1035 3390 1147 3473 nobis
1171 3393 1382 3500 expolitas,
1423 3402 1463 3476 &
1484 3386 1532 3472 ad
1552 3417 1758 3502 corporum
1784 3393 1985 3474 caelesttum
2005 3399 2047 3472 δι

583 3549 589 3563 ·
618 3518 736 3596 maris
755 3509 870 3588 nostri
896 3532 1022 3590 motus
1052 3537 1188 3592 omnes
1210 3510 1378 3593 sufficiat.
1648 3519 1651 3526 ’

621 3667 632 3686 ·
680 3621 971 3730 Adicere-jam
989 3632 1124 3716 licerer
1153 3630 1334 3710 nonnulla
1365 3623 1416 3710 de
1443 3628 1573 3738 spiritu
1605 3622 1776 3736 quodam
1800 3624 2040 3710 subtilishrno

622 3737 922 3854 corporarcralsa
954 3741 1213 3854 pervadente,
1240 3758 1279 3832 δι
1304 3756 1341 3830 in
1365 3741 1496 3828 iisdem
1524 3750 1704 3834 latentes
1720 3749 1826 3848 cujus
1841 3753 1893 3826 'vi
1915 3756 1955 3827 δι
1984 3770 2046 3826 ac-

621 3861 788 3950 tionibus
820 3867 1013 3971 particulae
1042 3892 1249 3976 corporum
1278 3862 1327 3947 ad
1350 3873 1526 3948 minimas
1555 3859 1744 3952 distantias
1772 3861 1808 3945 se
1834 3863 1971 3944 mutuo
1994 3883 2049 3944 at-

488 4045 491 4052 .
624 3983 800 4073 trahunt,
833 3992 871 4062 δι
896 3990 1087 4092 contigue
1106 3981 1212 4066 faeta
1238 3982 1460 4068 coherent:
1491 3997 1530 4066 δι
1552 4007 1719 4092 corpora
1741 3986 1916 4065 eleurtca
1932 4001 2051 4092 agunt

624 4095 675 4182 ad
703 4096 893 4180 distantias
922 4105 1111 4204 majores,
1162 4126 1239 4184 tam
1255 4099 1626 4214 repellendoquam
1648 4097 1877 4210 attrahendo
1901 4096 2055 4207 corpus·

625 4217 710 4299 cula
735 4224 885 4306 vicinat
915 4221 1281 4316 &luxemittitun
1298 4223 1529 4316 reflectitur,
1557 4216 1799 4331 refiing'itur,
1833 4219 2053 4313 infletlitun

624 4346 666 4419 dr
702 4351 865 4445 corpora
899 4336 1102 4428 calefacits
1148 4351 1189 4424 δι
1220 4337 1376 4425 sensatio
1408 4349 1534 4426 omnis
1559 4345 1773 4440 excitatur,
1812 4353 1852 4426 δι
1875 4334 2054 4422 membra

1974 4479 2058 4538 am-

481 4681 562 4744 174.
656 4663 765 4744 sbi*
785 4671 819 4729 Ur
834 4687 868 4730 err
887 4672 977 4748 quiete
996 4669 1173 4749 appeteres.
1202 4671 1311 4751 (Prop.
1333 4691 1360 4730 a.
1379 4667 1431 4735 llb-
1448 4665 1544 4748 huj.)
