4434 5664
470 385 1393 494 PROP081T10NUM„
1512 413 1605 506 ⁶83.

168 542 291 622 Paos.
321 533 442 618 XLII.
465 535 612 614 Poosss.
640 529 786 616 XXIX.
857 523 970 605 Dutd
1000 525 1162 634 legivis
1199 532 1433 642 terctripetae,
1476 543 1603 646 requi.
1705 545 1710 554 '

228 661 322 742 citur
350 673 465 728 motus
488 653 638 762 corporis
664 647 707 727 de
733 673 811 740 coto,
830 639 930 742 dato,
961 640 1055 728 dard
1076 672 1161 725 cum
1186 645 1379 730 velocitate
1398 645 1624 760 secundiore·

229 767 359 848 datam
391 771 526 847 reblam
551 763 679 878 egreffi.
1048 857 1052 865 ¹
1215 847 1226 868 x.
1393 771 1482 882 Pag.
1520 800 1599 876 332

170 897 292 980 Phor.
319 890 453 971 XLIII.
486 889 633 970 Pcocc.
668 884 794 968 XXX.
851 876 1088 986 Efficiendum
1118 875 1161 990 esl
1184 905 1226 960 ut
1252 908 1377 998 corpus
1407 917 1446 966 m
1472 889 1603 994 trajec-

229 1005 325 1087 tovid
354 1006 568 1114 quicunque
591 1010 688 1083 circa
711 1025 873 1078 centrum
900 1005 1043 1078 virium
1072 1000 1280 1080 revolvente
1303 1003 1451 1113 perinde
1478 1034 1603 1107 move.

228 1135 260 1203 ri
285 1121 384 1237 pofflr
413 1148 523 1234 atque
547 1144 669 1230 corpus
693 1115 795 1197 aliud
812 1125 851 1198 in
867 1115 994 1196 eddem
1010 1115 1221 1226 trajeiiorr'cl
1236 1117 1448 1232 quiescente.
1519 1153 1601 1230 33⁴¹

171 1251 296 1331 onoc.
323 1246 463 1327 XLIV.
488 1243 646 1324 Toros.
678 1235 785 1320 XIV.
842 1237 1068 1346 Differenria
1091 1243 1232 1317 virium
1259 1237 1389 1350 quibus
1415 1252 1603 1357 corpusitt

231 1361 310 1442 orbe
331 1355 529 1472 quiescente
549 1360 594 1436 ob*
614 1382 736 1466 corpus
764 1351 871 1434 aliud
899 1365 939 1436 in
959 1355 1079 1434 eodem
1107 1356 1186 1436 orbe
1219 1357 1427 1440 revolvente
1454 1362 1604 1472 aquali·
1640 1443 1645 1450 ,

210 1483 285 1560 ‘ter
316 1485 456 1560 moveri
478 1473 619 1591 possunt
648 1471 693 1584 esl
716 1479 755 1552 in
780 1472 969 1586 triplicata*
993 1483 1132 1555 ratione
1158 1483 1358 1558 communis
1388 1477 1600 1560 altitudinis

234 1589 383 1679 inverse'.
1446 1620 1450 1637 '
1522 1613 1601 1701 336
1647 1591 1652 1601 Χ

64 1741 69 1748 ’
173 1723 297 1804 Psote.
323 1719 444 1800 XLV.
468 1715 614 1796 Pcooc.
638 1712 780 1794 XXXI.
850 1707 1006 1789 Orbium
1039 1715 1104 1824 qui
1131 1707 1223 1826 suut
1257 1713 1403 1794 circulis
1439 1712 1603 1800 maximi

223 1831 383 1935 finitimi
411 1838 641 1940 requiruntur
666 1851 782 1906 motus
807 1827 981 1936 apfidum.
1519 1848 1596 1938 348

171 1957 298 2037 ocor.
324 1951 463 2034 XLVI·
507 1951 654 2032 Psote.
685 1947 845 2028 XXXII.
930 1945 1049 2052 Pofietl
1088 1942 1331 2060 cujuscunque
1372 1957 1516 2060 generis
1541 1957 1601 2046 ¹vi

225 2065 432 2180 ,concepero
459 2064 614 2175 datoque
639 2089 718 2144 tum
750 2071 893 2142 virium
923 2089 1041 2144 centro
1071 2090 1149 2145 tura
1184 2071 1291 2180 plano
1320 2055 1530 2180 quocunque
1559 2075 1601 2152 in

234 2213 302 2297 quo
331 2210 454 2299 corpus
478 2181 707 2280 revolvitur,
740 2183 785 2261 d·
806 2181 961 2288 conceffis
973 2179 1183 2296 figurarum
1201 2185 1490 2267 curvilinearum
1509 2181 1603 2302 qua.'

232 2303 422 2405 draturi53
475 2307 671 2414 requiritur
710 2323 825 2380 motus
854 2308 1004 2413 corporis
1044 2299 1088 2380 de
1124 2301 1194 2380 loto
1230 2301 1344 2400 darc,
1394 2303 1487 2385 dard
1516 2333 1601 2386 cum

232 2414 437 2518 velocitate,
463 2415 819 2532 secundiomreiiam
846 2423 887 2499 iu
911 2417 1019 2530 plano
1046 2419 1106 2500 illo
1125 2417 1254 2508 datam
1273 2423 1403 2534 egreffi.
1519 2441 1599 2530 3⁶1.

169 2545 297 2627 Prior.
327 2545 480 2626 XLVII.
509 2535 788 2624 Tutor..XV.'
859 2533 971 2644 I'ofito
1009 2537 1104 2649 quod
1141 2546 1200 2619 vit
1228 2548 1425 2656 centripera
1461 2569 1601 2656 propor.
1720 2576 1723 2582 ·

233 2666 378 2743 tionalis
398 2658 445 2764 fir
467 2655 647 2770 dislantiae
673 2656 823 2762 corporis
852 2656 877 2734 d
906 2682 1048 2744 centres
1091 2685 1234 2756 corpora
1256 2668 1384 2742 somnia
1415 2667 1456 2739 iu
1479 2659 1599 2776 planis

232 2773 500 2890 quibuscunque
530 2773 760 2854 revolventia
790 2767 986 2885 describent
1011 2773 1146 2887 tilio-ses
1173 2778 1218 2856 d
1246 2779 1483 2856 revolutiones
1514 2769 1603 2860 remi

232 2894 376 3010 poribus
400 2893 599 3005 equalibus
627 2913 821 3000 peragents
841 2920 1016 3004 „quotque
1050 2917 1243 2974 moventur
1273 2901 1312 2974 in
1337 2895 1441 2974 lineis
1468 2900 1601 2997 rediit,-

187 3092 196 3108 ,
234 3013 327 3096 ultrb
361 3012 519 3124 eitrbque
564 3005 789 3124 discurrendo
816 3006 979 3122 fingulas
1014 3001 1126 3093 tuadi
1156 3012 1202 3093 rb*
1234 3009 1407 3096 redeundi
1439 3013 1599 3128 periodos

236 3129 363 3244 iisdem
396 3129 610 3232 temporibus
640 3123 839 3242 absolvent.
1045 3139 1064 3147 “
1117 3145 1120 3156 ·
1521 3151 1598 3238 352

175 3254 298 3334 Pnos’.
320 3254 495 3353 XLVIII.
526 3253 689 3332 Tutor.
717 3249 822 3332 XVI.
882 3245 924 3323 Si
943 3269 1021 3323 rota
1040 3244 1145 3356 globo
1169 3241 1386 3358 extrinsecos
1408 3245 1458 3326 ad
1482 3279 1603 3368 angu-

233 3372 284 3452 los
310 3372 419 3448 robios
447 3366 599 3473 inftslat,
640 3365 685 3444 dt*
712 3393 807 3442 more
831 3389 1001 3446 rotatum.
1026 3365 1245 3446 revolvendo
1280 3363 1531 3480 progrediatur
1558 3375 1602 3452 in

231 3486 369 3566 circulo
401 3493 588 3573 marrim03
633 3480 819 3590 longitudo
863 3488 1002 3564 itineris
1046 3484 1245 3566 cervilinei
1297 3481 1392 3597 quod
1421 3490 1604 3598 punilurrt

236 3602 389 3716 quodvis
419 3609 458 3682 in
486 3627 571 3684 rotae
597 3604 784 3713 perimetro
815 3597 969 3698 datum,
1001 3629 1047 3680 eor
1074 3629 1143 3712 quo
1165 3601 1314 3706 globum
1340 3609 1492 3712 tetigit,
1524 3633 1603 3688 con-

230 3717 351 3832 fecit,
394 3720 580 3836 (quodque
615 3716 816 3834 chlo'idem
856 3718 918 3798 vel
964 3719 1229 3835 Epicyclo'idens
1268 3727 1452 3804 nominare
1490 3721 1599 3820 lieet)

190 3857 196 3872 ‘
231 3846 306 3932 erit
329 3838 379 3934 ad
408 3837 637 3955 duplicatum
660 3835 781 3945 finum
808 3833 955 3950 versum
992 3833 1092 3919 arcbs
1115 3836 1266 3919 dimidii
1297 3847 1362 3952 qui
1381 3837 1540 3952 globum
1559 3872 1605 3922 eoo

235 3987 275 4038 eo
307 3982 460 4055 tempore
498 3965 592 4040 inter
630 3953 790 4036 eundum
823 3964 977 4066 tetigit,
1020 3981 1062 4036 ut
1099 3957 1307 4066 differentia
1343 3957 1602 4040 diametrorum
1710 3981 1713 3990 '

234 4076 335 4186 globi
362 4079 408 4159 b
440 4101 526 4158 rotet
555 4072 604 4154 ad
624 4071 940 4186 semidiametrum
964 4074 1075 4184 globi.
1522 4095 1602 4184 364

179 4199 465 4282 Peos-XLIX.
490 4199 652 4280 Troos.
673 4195 794 4278 XVII.
856 4193 898 4273 Si
925 4216 1002 4272 rota
1025 4189 1131 4302 globo
1148 4187 1306 4273 concavo
1331 4191 1382 4273 ad
1401 4198 1511 4274 rectos
1537 4224 1604 4276 an-

152 4403 158 4415 ,
190 4378 194 4386 .
231 4315 335 4424 gulos
375 4309 586 4426 mtriuseeut
623 4309 754 4422 infislas
790 4309 1081 4392 &revolvendo
1114 4307 1363 4424 progrediatur
1397 4317 1438 4393 in
1472 4313 1603 4393 circulo

237 4437 427 4521 maximos,
475 4427 657 4545 longitudo
681 4433 822 4511 itineris
848 4427 1044 4510 curviliner‘
1069 4426 1168 4544 quod·
1183 4433 1362 4545 punilum
1391 4430 1545 4542 quodvis
1565 4437 1606 4516 in

233 4573 326 4632 nora
344 4545 536 4666 peritne'tm
562 4547 714 4650 datum,
746 4577 791 4630 ete
814 4573 882 4660 quo
903 4545 1054 4660 globum
1076 4554 1225 4664 tetigit,
1255 4544 1428 4667 confecit,
1460 4555 1528 4632 erit
1554 4550 1605 4632 ad

843 4669 1020 4753 Tstt
1065 4661 1105 4751 '2
1443 4667 1446 4674 '
1538 4667 1610 4749 du.
