4380 5678
659 476 741 562 3²0
867 449 1208 534 Inavrsrrro
1259 443 1507 526 Pnrsrcr
1558 465 1619 526 rrt
1670 445 1891 531 ervsr'rt

658 581 831 661 untione·
864 603 903 652 ac
925 581 1010 651 dum
1028 576 1129 650 Luna
1148 599 1270 671 aquam
1294 573 1443 649 maxime
1463 574 1519 648 vel
1549 575 1659 650 elevat
1681 577 1737 651 vel
1759 578 1922 677 deprimit
1935 613 1953 667 ‚‘
1973 579 2079 656 eodem

657 706 813 782 tempore
826 681 885 756 Sol
900 677 1107 752 contraritun
1119 679 1226 751 exerit
1242 675 1413 760 essedum,
1431 699 1622 772 aquamque
1632 677 1781 750 maxime
1792 679 1848 752 vel
1862 677 2018 778 deprimit
2033 685 2076 758 vel

658 785 791 865 elevat,
825 807 869 857 ex
901 803 971 874 quo
994 779 1176 850 minimum
1206 777 1387 853 discrimen
1416 779 1505 851 inter
1532 799 1705 875 quemque
1732 779 1886 854 Fluxum
1914 807 1953 853 ac
1980 781 2051 856 subs
2061 823 2074 842 ·

654 877 1033 982 'quentemrefluxum
1054 877 1309 967 observabitur,
1336 875 1498 975 aestusque
1521 899 1626 951 erunt
1647 879 1793 952 minimi.
1855 879 2073 969 Quamobrem

660 987 747 1060 circa
766 985 844 1058 alias
865 981 974 1056 Lunae
998 978 1114 1078 phasea
1136 975 1231 1054 aestus
1255 977 1361 1053 Maris
1382 981 1536 1053 medium
1560 1000 1671 1052 teneat
1701 982 1788 1055 inter
1813 982 1999 1054 maximum
2018 988 2072 1055 mi·

618 1139 629 1164 .,
658 1089 860 1182 nimumque
885 1077 1012 1156 netelle
1032 1077 1100 1169 ell,
1136 1081 1217 1176 quia
1237 1103 1311 1152 tum
1333 1081 1422 1156 vires
1446 1079 1535 1154 Solis
1558 1105 1597 1152 ac
1622 1077 1732 1156 Lunae
1751 1106 1814 1155 nec
1833 1083 1975 1158 omnind
1995 1085 2072 1158 cons·

658 1190 791 1288 pisant,
816 1211 888 1268 nec
903 1181 963 1254 srbi
982 1182 1141 1280 xinvicem
1163 1180 1392 1254 adversantur.
1457 1179 1521 1254 Per
1547 1200 1659 1254 totum
1679 1205 1794 1255 autern
1820 1205 1946 1255 annum
1966 1187 2072 1281 quibus

537 1329 539 1333 ·
657 1289 843 1362 noviluniis
875 1281 1134 1380 pleniluniisque
1157 1281 1325 1354 maxirnus
1350 1277 1485 1356 eveniat
1507 1277 1626 1370 aestus,
1663 1281 1852 1380 quibusque
1877 1286 2071 1379 quadraturis

657 1387 819 1462 minimus
844 1381 939 1460 aestus
960 1380 1169 1478 respondeat,
1191 1379 1341 1456 absolute
1362 1375 1432 1455 stne
1449 1379 1602 1478 respedlu
1620 1383 1664 1455 ad
1682 1379 1783 1454 srtrun
1804 1383 1870 1456 loci
1893 1387 2007 1460 habito
2024 1387 2071 1459 de-

656 1487 750 1566 finiri
771 1487 899 1584 nequit.
952 1483 1024 1557 Sub
1041 1503 1209 1577 aquatote
1230 1481 1448 1583 quidemlqbi
1469 1481 1581 1570 Luna,
1608 1482 1687 1555 clun
1702 1481 1749 1557 est
1764 1485 1800 1556 in
1813 1507 1990 1580 tequatote,
2013 1511 2070 1558 rna·

656 1591 752 1666 ximd
774 1591 811 1662 vi
831 1585 979 1686 gaudet,
1012 1585 1156 1657 dubium
1181 1578 1228 1654 est
1243 1581 1403 1670 nullum,
1435 1583 1520 1679 quin
1547 1579 1641 1656 aeslus
1662 1585 1802 1660 maximi
1825 1587 1860 1656 in
1885 1587 2069 1682 aequinoslia

654 1691 808 1778 incidat,
834 1686 972 1783 quando
1002 1685 1102 1756 ambo
1129 1681 1306 1754 luminaria
1337 1684 1375 1755 in
1396 1705 1566 1780 aequatore
1592 1682 1668 1758 sunt
1699 1679 1833 1782 postca,
1871 1709 1948 1783 quae
1970 1689 2068 1762 eaden

656 1793 843 1890 proprietas
869 1789 971 1861 etiam
992 1785 1028 1856 in
1043 1783 1116 1856 loca
1131 1788 1172 1857 ab
1195 1805 1363 1879 aequatore
1385 1809 1455 1855 non
1482 1783 1630 1856 multum
1653 1779 1760 1857 diffisa
1777 1789 1962 1882 competit:
1994 1791 2069 1861 rtin

577 1903 581 1908 '
656 1895 740 1966 locis
760 1897 800 1965 ab
820 1911 988 1984 aequatore
1012 1885 1119 1980 magis
1142 1885 1279 1955 remotis
1299 1880 1395 1957 aestus
1422 1879 1553 1972 Maris,
1585 1881 1664 1955 clmr
1690 1885 1792 1958 Luna
1812 1889 1994 1960 maximam
2018 1893 2068 1960 ha·

527 1995 533 2005 ’
602 2047 605 2056 .
656 1993 714 2070 bet
736 1991 1017 2068 declinationem,
1044 1985 1165 2058 dantur
1190 1985 1332 2080 quidem
1354 1983 1497 2078 majores
1522 2007 1566 2057 ex
1590 1980 1724 2057 Tabula
1742 1987 1774 2079 b
1789 2005 1861 2085 50,
1886 1991 2006 2062 verltm
2022 1989 2069 2062 as-

606 2151 610 2159 .
656 2115 711 2168 tus
735 2117 818 2164 mox
848 2088 1081 2184 subsequentes
1109 2085 1218 2156 multo
1241 2083 1316 2157 sunt
1341 2085 1499 2156 minores.
1571 2079 1728 2170 Quodn
1748 2107 1862 2160 autem
1882 2090 1971 2164 inter
1988 2092 2070 2164 binos

655 2191 750 2270 aestus
775 2191 796 2266 a
818 2191 919 2264 Luna
938 2187 1101 2260 oriundos
1124 2183 1363 2281 consequentes
1388 2185 1541 2258 medium
1561 2186 1732 2280 capiatur,
1768 2190 1899 2286 parebit
1920 2191 1958 2264 in
1976 2194 2070 2288 regio·

654 2337 756 2408 nibus
784 2333 872 2434 30⁰.
896 2330 939 2400 ab
955 2351 1123 2423 aequatote
1143 2325 1302 2408 remotis,
1328 2302 1453 2421 quibus
1473 2321 1570 2400 aestus
1586 2321 1634 2400 est
1653 2303 1743 2448 {2-{3
1767 2323 1800 2396 L·
1830 2324 1856 2399 sr
1891 2327 1998 2404 Lunae
2020 2331 2071 2404 de.

657 2476 793 2552 clinatio
814 2467 854 2543 stt
876 2468 988 2556 nulla,
1013 2461 1128 2540 allum
1149 2443 1257 2540 Maris
1277 2463 1454 2548 rn'edium,
1479 2461 1560 2538 clun
1585 2461 1688 2540 Luna
1711 2470 1811 2548 habet
1828 2475 2070 2550 declinationem

554 2627 557 2644 ,
656 2637 711 2696 20
727 2615 914 2712 graduum,
941 2607 1056 2682 fore:
1073 2583 1161 2722 {¹2⁷4
1177 2602 1231 2684 L,
1257 2599 1403 2696 ideoque
1432 2598 1546 2676 adhuc
1568 2603 1736 2680 minorem
1757 2607 1862 2707 quim
1885 2611 1965 2685 clun
1988 2615 2071 2687 Luna

654 2739 860 2844 ‘aequatorem
884 2765 987 2818 tenet.
1041 2733 1173 2812 Contra
1203 2734 1287 2812 verd
1317 2737 1378 2812 sub
1404 2731 1595 2814 elevatione
1626 2741 1697 2837 poli
1730 2741 1782 2820 60
1815 2745 2005 2840 graduum,
2033 2737 2071 2816 ell

616 2969 621 2976 ,
653 2877 750 2956 aestus
778 2875 907 2960 Maris,
932 2869 1036 2948 Lund
1058 2867 1210 2943 versante
1230 2866 1267 2945 in
1286 2890 1455 2966 arquatore
1466 2919 1479 2960 ,
1505 2855 1681 2995 εἰῆξῗὶ
1690 2921 1704 2962 ,
1742 2867 1837 2948 astus
1869 2899 1984 2950 autem
2009 2899 2069 2948 me.

580 3109 582 3112 -
654 3059 748 3143 dius,
774 3053 854 3132 clun
874 3055 984 3130 Lunae
1003 3049 1185 3127 declinatio
1200 3044 1247 3123 est
1270 3051 1371 3130 20⁰.
1396 3023 1582 3166 ellzfflfbff,⁸6
1597 3056 1656 3143 L,
1688 3055 1835 3152 ideoque
1860 3059 1977 3152 major.
2023 3057 2070 3131 Er

626 3213 727 3288 ¹quo
757 3187 972 3284 consequitur
999 3186 1036 3258 in
1065 3175 1261 3283 regionibus
1291 3185 1379 3282 polis
1411 3182 1631 3260 vicinioribus
1662 3181 1757 3257 allus
1785 3186 1953 3262 maximos
1964 3239 1976 3278 ,
2012 3213 2071 3260 non

650 3295 689 3366 in
704 3287 934 3387 equinodia,
959 3286 1017 3364 sed
1039 3288 1152 3383 potius
1175 3286 1262 3357 circa
1283 3283 1428 3371 solstitia,
1454 3287 1604 3359 incidere
1627 3285 1770 3378 debere5
1793 3287 1862 3386 qua
1885 3291 2070 3388 quidemiu

544 3445 546 3448 <
651 3419 691 3468 re
707 3387 970 3474 theorianoslra
991 3411 1052 3488 per
1074 3387 1317 3490 experientiam
1334 3386 1479 3464 mitificis
1501 3383 1730 3466 confirmatur.

940 3753 1251 3850 CAPUT
1318 3759 1791 3867 QUINTUM.

673 4064 676 4070 ,
722 3975 808 4084 ‘De
826 3995 982 4096 tempore
1008 3969 1145 4096 Fluxsls
1166 4005 1212 4060 at
1236 3971 1413 4088 Rejluxss
1436 3978 1567 4066 Maris
1594 3987 1636 4068 a'a
1661 3979 1789 4066 eddam
1813 3980 2004 4103 hyporlefi.

650 4195 686 4292 5.
715 4217 774 4295 57.
828 4185 1240 4494 OUanotrrrt
1263 4194 1298 4271 in
1322 4191 1526 4297 praecedenti
1610 4201 1685 4288 ire,
1708 4223 1781 4300 quo
1801 4203 1839 4275 in
1862 4205 2078 4299 quantitatem

1012 4295 1105 4374 aestirs
1143 4297 1250 4374 Maris
1280 4301 1448 4396 praecipue
1478 4227 1743 4396 inqulglvimus,
1781 4305 1886 4378 etiarn
1911 4329 2080 4404 tempora,

1012 4405 1135 4499 quibus
1156 4426 1224 4472 tarn
1248 4401 1278 4474 F
1282 4404 1379 4473 luxus
1402 4401 1509 4496 qudm
1527 4399 1697 4475 Reluxus
1721 4407 1879 4494 eveniat,
1906 4405 1979 4498 jam
2000 4407 2080 4478 indr-

651 4499 824 4585 savimus3
850 4524 962 4576 tamen
983 4506 1049 4574 hoc
1071 4506 1179 4600 capite
1202 4499 1290 4574 illud
1310 4525 1549 4592 argumentum
1574 4499 1680 4575 fufius
1698 4529 1802 4604 atque
1819 4507 1864 4577 ad
1881 4506 2084 4582 observatio,

649 4619 711 4672 nes
738 4603 990 4673 accommodate
1017 4603 1268 4698 persequemur.
1324 4599 1589 4677 Observationes
1612 4607 1729 4693 enirn,
1758 4629 1834 4705 qua
1856 4607 1950 4682 circa
1980 4607 2085 4682 aellrrm

521 4714 527 4721 ’
647 4695 759 4781 mart
779 4694 910 4783 institui
932 4701 1063 4794 solent,
1087 4706 1132 4779 ad
1158 4704 1221 4780 tria
1244 4721 1369 4804 genera
1390 4699 1658 4804 commodiffimd,
1680 4707 1896 4802 referunrurs
1933 4713 1985 4790 ad
2008 4734 2087 4808 quo

619 4829 627 4848 ·
718 4873 722 4880 .
1295 4885 1304 4898 ,
1473 4863 1475 4866 v
2018 4829 2088 4890 tum
