4354 5678
337 386 375 472 .'
412 413 756 500 Fruatur-ert.
803 417 1101 500 Rnrrutr'trt
1152 413 1345 498 Ma‘ntr.
1526 427 1609 532 365

165 544 430 645 inequalitatem
452 551 610 623 binorum
627 547 765 624 alluurn
789 548 854 624 sese
874 552 1145 647 insequentium,
1171 548 1303 624 Fluxut
1322 547 1466 646 majores
1489 575 1532 626 etr
1554 555 1606 625 al·

165 651 239 724 terd
260 650 317 722 via
336 651 583 734 advenientes,
617 651 817 748 superabunt
842 649 1011 726 Resuxus
1037 653 1184 722 minores
1208 655 1331 724 eodem
1361 675 1515 748 ternpore
1542 679 1603 754 per

165 750 303 824 alteram
323 752 415 822 viam
437 750 567 834 fastos,
602 775 706 854 atque
730 756 794 824 hot
814 755 919 826 modo
941 755 976 823 in
1004 752 1062 824 tali
1084 751 1199 825 littore
1226 750 1365 850 singulis
1389 755 1507 826 diebus
1532 779 1602 828 nnn

164 853 240 926 bini
259 850 289 922 F
292 851 414 938 luxus,
441 851 499 926 sed
515 876 601 925 unus
622 865 754 926 tantum
777 857 927 940 accidet3
953 856 1109 948 hancque
1128 855 1294 926 rationem
1315 855 1434 950 allegat
1452 855 1600 928 Newto-

167 977 233 1024 nur
255 948 350 1024 estus
372 952 462 1024 illius
488 948 660 1048 singularis
687 953 868 1050 Tuoquini
891 953 1081 1056 obseryati‚
1119 947 1226 1026 ubist
1253 953 1352 1026 Luna
1374 959 1410 1026 in
1432 978 1616 1053 aquatore-

165 1052 316 1126 vetsatur
338 1052 449 1126 nullut
469 1050 566 1127 aestus
590 1057 633 1128 de
657 1057 876 1140 rehenditur,
911 1051 957 1124 fin
984 1076 1097 1126 autem
1127 1053 1228 1126 Luna
1256 1057 1377 1130 habeat
1401 1057 1598 1130 declinatio·
1639 1079 1641 1084 ’

165 1179 246 1226 nem
271 1157 390 1226 unicus
424 1177 556 1226 tantum
582 1080 656 1232 ηυξ
682 1153 790 1238 Lunae
822 1155 1035 1228 revolutione
1059 1155 1145 1222 circa
1170 1153 1321 1228 Terram.
1386 1153 1461 1228 Noe
1485 1181 1598 1244 autem

165 1279 248 1326 mox
269 1255 368 1348 hujus
394 1256 554 1328 mirabilis
578 1248 796 1350 Phaenomeni
820 1257 917 1326 aliam
949 1254 1056 1350 magis
1080 1255 1271 1356 naturalem
1292 1253 1477 1352 nostraeque
1498 1261 1596 1332 theo·

164 1356 224 1428 riae
246 1355 455 1428 conformem
473 1358 694 1429 indicabimus
715 1356 854 1428 causam.
1705 1443 1707 1446 Ι

194 1457 250 1550 Νς.
283 1461 367 1532 ιι8.
396 1455 574 1530 Hadenur
596 1453 710 1528 aestum
734 1455 863 1546 Maris,
889 1458 1178 1552 quemadmodum
1203 1457 1239 1526 in
1259 1453 1456 1556 ampliffimo
1481 1455 1597 1532 Ocea·
1704 1546 1708 1555 ¹

159 1580 212 1628 rto
229 1557 256 1629 ’ὲ
287 1558 417 1630 viribus
440 1559 488 1646 ad¹
513 1557 646 1630 Lunam
673 1583 712 1630 ac
741 1558 856 1630 Solem
882 1559 965 1629 tend
988 1559 1099 1629 nribus
1119 1559 1341 1653 producatur,
1381 1579 1482 1652 atque
1503 1563 1599 1632 vario

165 1657 321 1730 littorum
340 1653 404 1730 (ιω
424 1658 505 1730 clun
527 1661 657 1730 ratione
676 1659 870 1754 quantitatis
892 1658 965 1730 tltnt
987 1659 1219 1730 retardationis
1238 1654 1464 1732 diversimode
1484 1661 1599 1733 turbe·

166 1779 250 1844 tur,
276 1756 389 1830 sumus
413 1758 650 1854 contemplati,
675 1783 786 1853 neque
808 1753 1020 1834 necesseesse
1046 1760 1206 1831 duximus
1226 1774 1407 1831 ventorum
1427 1755 1598 1855 Mariique

166 1858 325 1932 cursuum
346 1862 562 1955 propriorum
590 1861 755 1932 rationem
776 1859 919 1947 habere,
944 1862 1023 1930 clun
1048 1857 1124 1932 satis
1146 1882 1293 1956 pronum
1320 1855 1361 1932 stt
1388 1858 1599 1955 perspicere,

165 1961 344 2054 quomodo
369 1961 422 2032 his
444 1966 542 2033 rebus
566 1955 660 2033 aestus
686 1957 792 2032 Maria
814 1983 882 2032 tam
910 1961 1026 2054 augeri
1048 1959 1103 2030 vel
1133 1961 1305 2046 diminui,
1339 1960 1446 2056 quam
1472 1961 1599 2033 accele-

166 2061 234 2131 rari
257 2060 311 2132 vel
342 2062 501 2133 retardari
524 2061 653 2134 debeat.
715 2059 871 2157 Superest
900 2061 1005 2156 igitur
1036 2081 1074 2130 ut
1098 2083 1325 2158 exponamus,
1358 2061 1534 2154 quomodo
1562 2063 1600 2132 in

124 2201 132 2216 ·
167 2157 243 2232 satit
265 2162 377 2259 amplo
399 2161 508 2235 tractu
534 2158 658 2244 Maris,
684 2164 746 2257 qui
773 2163 815 2233 ab
834 2163 977 2236 Oceano
999 2160 1055 2234 vel
1083 2161 1225 2232 omnino
1253 2155 1299 2230 est
1323 2157 1515 2250 sejunctus,
1541 2163 1599 2235 vel

168 2259 424 2360 perangustum
449 2287 580 2338 tantum
602 2260 992 2354 andanemjamma,
1016 2261 1191 2358 peculiaria
1219 2257 1313 2332 aestus
1333 2259 1354 2332 ὲ
1371 2262 1499 2332 viribus
1527 2259 1601 2334 Lu-

168 2386 222 2433 nae
245 2369 283 2434 ac'
307 2363 395 2435 Solis
415 2365 558 2462 produci
577 2387 688 2460 queat.
752 2361 969 2458 Perspicuum
994 2365 1085 2435 enirn
1109 2359 1155 2435 est
1181 2357 1206 2432 st
1235 2361 1308 2436 talis
1338 2359 1463 2432 traduc
1486 2359 1601 2434 secun·

168 2463 256 2534 dum
288 2462 537 2560 longitudinem
564 2464 652 2536 ultra
675 2487 729 2564 90
764 2468 889 2560 gradus
918 2486 1049 2560 pateat,
1084 2461 1200 2536 aestum
1220 2463 1291 2559 pari
1316 2461 1421 2532 modo
1447 2461 1600 2556 generari

108 2593 112 2600 ·
167 2563 316 2659 debere,
349 2565 443 2635 acin
472 2562 670 2664 ampliffimo
694 2565 859 2648 Oceano,
896 2566 955 2659 qui
986 2587 1092 2636 totam
1117 2565 1272 2637 tellurem
1298 2564 1426 2634 ambire
1450 2565 1598 2657 ponitur.

169 2657 266 2734 Nam
285 2667 447 2759 quoniam
464 2663 615 2740 extensio
628 2689 718 2740 tanta
733 2661 791 2748 est,
816 2687 854 2736 ut
871 2667 960 2738 vires
975 2666 1084 2738 Lunae
1102 2667 1141 2736 δι
1156 2665 1246 2738 Solis
1267 2664 1303 2734 in
1320 2689 1363 2736 eo
1378 2661 1486 2735 tractu
1502 2659 1599 2735 simul

168 2766 354 2838 maximam
385 2790 424 2838 ac
451 2769 627 2838 minimam
658 2789 753 2861 aquae
781 2765 993 2840 altitudinem
1013 2767 1182 2848 inducere
1218 2785 1366 2860 queant,
1399 2759 1526 2836 necesse
1551 2761 1600 2837 est

156 2867 293 2950 etiam,
318 2889 359 2938 ut
380 2889 467 2963 aqua
486 2869 552 2942 aliu
572 2871 608 2940 in
627 2869 703 2940 loco
719 2889 850 2940 tantum
866 2866 1038 2954 elevetur,
1061 2867 1164 2960 inque
1187 2864 1253 2936 alio
1281 2883 1410 2935 tanturn
1432 2863 1601 2962 deprima-

166 2986 252 3055 tur,
278 2989 441 3063 quantum
461 2965 573 3051 fieret,
608 2965 718 3042 stille
741 2965 1028 3041 trauus'omnino
1051 2990 1121 3041 non
1141 2961 1221 3040 esset
1239 2967 1445 3038 terminatur.
1498 2959 1600 3040 Atsr

168 3063 233 3140 ille
260 3068 384 3140 traclus
407 3091 475 3140 tarn
491 3068 594 3141 fuerit
619 3092 744 3165 parvus
764 3090 801 3140 ut
822 3065 960 3164 singulae
984 3091 1092 3162 partes
1111 3067 1293 3164 aequalibus
1317 3065 1387 3138 fere
1408 3065 1538 3136 viribus
1558 3061 1602 3134 ss-

167 3167 244 3238 mul
261 3169 314 3242 vel
334 3168 528 3240 attollantur
551 3169 606 3242 vel
626 3170 880 3265 deprimantur,
905 3168 996 3240 nulla
1019 3162 1176 3240 senstbilis
1196 3169 1338 3236 mutatio
1358 3167 1439 3235 oriri
1464 3165 1600 3263 poterit.

166 3265 278 3363 Aqua
306 3270 400 3340 enim
425 3291 495 3340 uno
517 3269 649 3342 inloto
671 3269 780 3342 attolli
802 3268 928 3365 nequit.
944 3262 1005 3339 nili
1027 3270 1064 3338 in
1087 3267 1154 3338 alio
1177 3259 1380 3338 subsidat&
1408 3265 1549 3350 contrit,
1574 3261 1599 3335 st

156 3371 312 3463 quidem
344 3355 478 3446 eadem*
495 3393 590 3466 aquae
613 3372 711 3469 copia
731 3372 768 3442 in
794 3392 838 3444 eo
871 3367 981 3442 traclu
1011 3369 1182 3466 perpetutl·
1204 3363 1428 3438 conservetur.
1480 3363 1601 3459 Atque

161 3471 245 3542 dtaec
273 3465 320 3542 est
343 3471 428 3542 ratio
449 3493 487 3542 ut
506 3473 542 3542 in
570 3471 660 3544 Mati
695 3471 846 3553 Baltico‚
881 3467 1036 3567 Caspio,
1069 3463 1211 3565 Nigro,
1250 3463 1388 3562 aliisque
1412 3466 1600 3540 minoribus
1666 3521 1667 3526 ,

153 3570 309 3644 ,lacubus
324 3571 446 3644 nullus
471 3573 612 3646 omnino
634 3571 729 3644 astus
750 3572 1030 3668 deprehendatur.
1467 3615 1472 3666 3
1513 3591 1520 3598 ·
1563 3580 1584 3618 ’-

225 3671 375 3768 §·‘¹¹9·
428 3669 538 3760 Quod
559 3669 584 3742 st
604 3697 718 3748 autem
737 3670 922 3744 illiusmodi
942 3668 1051 3765 Maris
1075 3666 1199 3742 traslut
1223 3689 1354 3739 tanturn
1378 3664 1520 3764 spatium
1544 3683 1601 3736 oe
1704 3715 1708 3729 .

157 3796 368 3869 :cupetsut
385 3773 478 3846 vires
508 3773 694 3853 attollentes
727 3777 765 3848 be
796 3775 1022 3869 deprimentes
1046 3773 1085 3843 in
1112 3768 1380 3842 extremitatibus
1403 3763 1601 3840 senstbiliter

159 3871 332 3950 ,differant
344 3924 358 3963 ‚
383 3897 458 3946 tum
479 3867 605 3946 necessa
617 3871 675 3970 ,est
693 3899 731 3948 ut
756 3897 825 3944 non
848 3871 956 3946 solum
981 3895 1069 3966 aqua
1090 3871 1127 3944 in
1153 3870 1257 3942 altero
1279 3891 1431 3941 extremo
1451 3869 1603 3940 elevetur

168 3965 215 4050 id
237 3974 408 4072 alteroque
430 3975 663 4071 deprimatur,
698 3974 755 4049 sed
777 3975 878 4048 etiam
903 3997 942 4046 ut
969 3968 1159 4046 differentia
1186 3973 1273 4042 inter
1291 3991 1388 4062 aquae
1408 3967 1602 4038 altitudinea

162 4095 269 4152 tanta
291 4072 349 4158 stt,
373 4099 500 4171 quanta
520 4076 556 4146 in
584 4098 700 4171 aperto
730 4073 870 4148 Oceano
904 4073 1016 4155 eidem
1041 4073 1168 4145 virium
1192 4065 1390 4140 differentiae
1415 4064 1602 4163 respondet.

171 4171 416 4262 Quamobrem
441 4173 576 4249 definiri
600 4177 804 4258 conveniet,
841 4195 965 4269 quanta
995 4175 1031 4246 in
1060 4166 1199 4244 diversit
1224 4167 1342 4240 Terrae
1376 4166 1458 4237 locis
1481 4168 1604 4239 eodem

171 4292 332 4376 tempore
356 4279 392 4347 in
425 4277 657 4350 altimdinibur
681 4275 816 4372 aquaed
844 4273 972 4346 viribus
997 4263 1105 4344 Lunae
1135 4295 1174 4342 ac
1202 4267 1289 4366 Solis
1323 4267 1465 4365 produci
1492 4281 1604 4362 queat.

173 4377 240 4450 Ne
268 4401 380 4450 autem
401 4377 545 4450 calculus
566 4380 711 4450 nimium
734 4373 793 4448 fiat
811 4375 980 4472 prolixus,
1006 4373 1108 4446 solam
1125 4371 1235 4442 Lunae
1256 4369 1329 4442 vim
1348 4369 1384 4438 in
1407 4385 1605 4465 computum

159 4479 365 4563 ,ducentum
396 4481 522 4575 quippe
544 4504 620 4576 quaa
640 4481 713 4550 vim
740 4478 828 4552 Solis
849 4476 997 4551 multum
1023 4473 1183 4552 excedit3
1220 4471 1259 4542 dt
1288 4469 1451 4564 quoniam
1481 4463 1607 4540 effiadu

172 4575 294 4657 Luna
309 4578 556 4672 cognitosacile
579 4577 627 4658 est
644 4578 733 4658 Solis
752 4573 912 4660 effeslum
928 4573 1124 4654 estimando
1145 4570 1201 4645 vel
1223 4571 1367 4670 adjicere
1386 4568 1443 4645 vel
1463 4563 1618 4670 auferte.

255 4759 515 4882 romara
764 4768 766 4776 ’
1066 4735 1295 4855 aaa*
1430 4797 1432 4800 ·
1537 4723 1609 4852 na
