4380 5678
423 391 660 472 :ptum
701 395 776 472 ‘tc
827 391 1364 476 Rrruoxos'Manrs:
1536 415 1620 506 ’335

189 523 414 611 rumvitium
436 533 541 604 modo
568 533 785 606 rationali&
820 533 951 629 legibus
978 531 1092 606 motlrs
1120 526 1341 610 consentaneo
1366 535 1404 606 in
1429 533 1617 606 vorticibus

189 623 441 714 constituimus,
475 656 621 728 quorum
641 632 784 706 formam
805 637 912 729 atque‘
928 637 1079 709 indolem
1101 636 1289 720 luculenter
1312 634 1478 732 explicare
1503 631 1615 730 posse-

188 749 265 799 mus
278 752 289 816 3
316 731 421 827 idque
442 731 651 821 fecissemus,
678 730 738 830 nist
761 739 803 808 ab
825 737 897 808 aliis
915 737 991 806 citm
1016 741 1081 828 jam
1106 736 1180 809 satis
1206 733 1285 811 esset
1304 731 1524 834 exposrrum,
1538 737 1612 808 titm

185 830 288 904 etiam
319 837 361 906 ab
385 829 601 908 lllusttiffima
633 833 830 932 Academii
848 840 885 910 in
912 835 1071 933 praesente
1100 833 1282 934 quaestione
1304 863 1375 910 non
1403 839 1528 932 requiri
1554 839 1611 913 vi·

181 933 312 1006 deatur.

237 1037 269 1130 §.
296 1061 357 1138 73.
410 1035 508 1112 Dum
533 1041 638 1138 igitur
657 1039 820 1113 hauenus
845 1063 939 1134 aquae
960 1064 1096 1114 omnem
1120 1045 1275 1116 inertiam
1301 1037 1505 1140 cogitatione
1529 1037 1610 1112 ade·

179 1139 333 1225 mimus,
371 1138 435 1238 ipss
456 1141 619 1235 ejusmodi
642 1143 836 1237 qualitatem
858 1139 1069 1224 affinximus,
1106 1145 1175 1236 qus
1199 1145 1329 1215 viribus
1354 1139 1606 1214 sollicitantibus

178 1237 290 1310 subitd
314 1239 577 1338 obsequeretur,
612 1242 711 1336 seque
734 1245 770 1312 in
797 1238 928 1311 instanti
951 1243 985 1311 in
1010 1267 1088 1314 eum
1111 1241 1231 1316 statum
1255 1246 1441 1339 reciperet,
1473 1244 1511 1312 in
1533 1263 1605 1335 quo

177 1361 258 1410 curn
280 1344 408 1414 viribus
435 1348 471 1416 in
497 1343 685 1440 aequilibrio
711 1338 924 1420 consisterett
959 1345 1093 1434 hocque
1125 1345 1224 1438 padio
1251 1368 1372 1440 aquam
1404 1368 1474 1413 non
1496 1340 1605 1414 solum

174 1435 286 1512 subitd
313 1446 425 1516 omnis
448 1441 561 1517 motirs
589 1467 743 1541 capacem
767 1442 964 1540 posuimus,
1001 1441 1183 1516 sedetiam
1213 1447 1258 1516 ita
1288 1465 1535 1539 comparatam,
1563 1465 1602 1516 ut

174 1544 301 1635 quovis
329 1567 503 1620 momento
520 1551 658 1617 omnem
682 1541 857 1642 pristinum
879 1566 1012 1615 motum
1034 1546 1174 1617 amittat.
1229 1543 1352 1641 Longe
1371 1545 1467 1616 aliter
1487 1541 1601 1616 autem

173 1663 228 1713 res
249 1643 283 1717 se
304 1647 425 1736 habet,
451 1642 620 1720 stinertiae
644 1647 729 1718 ratio
755 1646 792 1717 in
812 1667 888 1715 com
914 1665 1010 1715 utum
1035 1646 1203 1731 ducatut3
1238 1647 1309 1718 haec
1329 1647 1418 1718 enim
1439 1642 1539 1716 efficit
1561 1665 1601 1716 ut

169 1743 287 1838 primd
310 1770 397 1842 aqua
421 1773 492 1820 non
520 1747 629 1820 subitd
653 1744 686 1819 se
709 1746 853 1818 adeum
880 1669 980 1816 sstum
1002 1763 1205 1842 componat,
1240 1769 1343 1841 quem
1375 1747 1464 1817 vires
1490 1744 1602 1817 inten-

170 1845 286 1935 dunt,
311 1846 369 1920 sed
394 1851 603 1948 pedetentim
626 1870 685 1944 per
707 1869 822 1918 omnes
845 1847 968 1940 gradus
995 1848 1125 1940 medios
1144 1849 1189 1918 ad
1211 1869 1291 1919 eum
1311 1849 1465 1930 accedat3
1497 1845 1599 1916 dein-

168 1945 216 2018 de
239 1949 321 2020 verd
343 1951 462 2024 eadem
484 1952 604 2023 inertia
622 1952 659 2022 in
685 1941 873 2033 causaest,
904 1945 1000 2040 qudd
1022 1971 1134 2042 aqua,
1159 1947 1237 2019 clun
1261 1949 1297 2018 in
1319 1945 1439 2019 statum
1463 1943 1599 2038 aequili*

166 2045 471 2146 briipervenerit,
495 2053 544 2123 ibi
567 2075 637 2122 non
662 2045 867 2144 acquiescat,
892 2045 950 2119 sed
971 2051 1016 2119 ob
1035 2071 1167 2120 motum
1189 2045 1325 2120 insnum
1344 2046 1431 2120 ultri
1453 2069 1596 2141 progre-

165 2147 302 2238 diatur,
327 2153 442 2248 quoad
465 2175 603 2223 omnem
624 2173 757 2231 motum
779 2148 799 2222 *a
818 2149 978 2248 potentiis
1003 2150 1225 2222 renitentibus
1258 2151 1399 2222 amittat.
1451 2145 1507 2217 Ex
1523 2169 1595 2240 quo

163 2247 381 2346 perspicuum
404 2249 449 2326 est
466 2250 644 2340 ,admissa
663 2247 784 2324 inertia
804 2273 921 2344 aquae,
956 2249 977 2322 a
1006 2254 1166 2345 potentiis
1190 2249 1439 2322 sollicitantibus
1460 2268 1594 2318 motum

163 2353 310 2422 omnino
337 2353 459 2427 divers
632 2353 782 2450 imprimi
804 2333 993 2424 debeteib
1011 2375 1072 2439 eo,
1105 2377 1210 2449 quem
1229 2352 1405 2447 reciperet,
1431 2341 1596 2418 stinertia

159 2451 296 2550 priuata
316 2449 422 2543 esset3
448 2479 489 2527 cu
589 2453 761 2526 'scriminis
779 2453 865 2524 ratio
889 2451 1048 2550 exemplo
1073 2453 1223 2556 corporis
1247 2449 1388 2553 penduli
1413 2445 1594 2534 coturnosis¹

160 2553 346 2626 oboculot
374 2557 456 2652 poni
478 2553 608 2656 potest.
662 2553 832 2628 Ponamus
858 2554 952 2627 enim
978 2578 1052 2628 cor-

156 2675 226 2750 pur
256 2656 443 2751 pendulum
473 2661 548 2730 OC
567 2661 612 2729 ob
647 2651 849 2754 gravitatem
875 2651 975 2726 strum
1000 2678 1051 2730 te·
1146 2695 1177 2752 0
1509 2715 1520 2748 ,

157 2775 246 2825 nens
266 2759 460 2830 verticalem
471 2808 482 2844 ,
506 2757 580 2832 ieri
598 2759 756 2854 quipiam
776 2758 813 2828 in
833 2757 918 2828 latus
933 2755 1049 2829 secun-

156 2855 248 2926 dnm
281 2858 505 2932 diredlionem
540 2861 625 2931 CM
654 2857 833 2932 sollicitari.
894 2857 933 2930 Si
957 2877 1048 2928 nunc

84 2967 87 2975 '
154 2956 227 3027 hoc
255 2959 445 3055 pendulum
466 2961 588 3033 inertis
612 2982 762 3040 careret,
799 2956 858 3030 seu
881 2954 1048 3049 ejustnodi

22 3099 44 3174 ‚
153 3050 239 3129 esset
268 3058 421 3143 indolis,
459 3059 553 3152 cujus
583 3083 706 3154 aquam
734 3057 897 3128 hactenus
931 3054 1045 3130 sumus

151 3159 400 3254 contemplati,
437 3180 511 3230 tum
538 3157 648 3238 subitd
678 3155 776 3229 srtum
805 3158 893 3226 OM
912 3159 1044 3252 accipe-

70 3246 80 3271 *
149 3279 216 3338 ret,
241 3256 278 3329 in
294 3281 364 3355 quo
383 3261 454 3330 hac
471 3261 523 3330 vis
540 3282 618 3331 cum
637 3259 802 3356 gravitate
816 3257 1042 3350 aequilibrium

147 3353 294 3431 tenerer.
347 3355 400 3431 At
418 3359 496 3432 cltm
507 3359 699 3458 pendulum
722 3359 843 3430 inertia
863 3358 1043 3453 praeditum

148 3455 413 3546 consideratur,
453 3459 526 3559 poss
557 3462 696 3557 aliquod
733 3443 872 3532 demssu
905 3481 1039 3554 tempus
1087 3499 1092 3504 ·

148 3558 303 3655 elapsum
325 3563 368 3633 ad
394 3557 492 3632 fitum
513 3563 601 3632 OM
622 3562 822 3658 perveniet:
856 3583 894 3630 ac
914 3561 1039 3635 deinde
1126 3635 1131 3645 ,

146 3663 235 3756 quia
262 3684 359 3732 motu
378 3662 557 3734 accelerato
576 3663 632 3734 'ed
666 3662 860 3758 pertingit,
898 3661 945 3733 ibi
968 3687 1039 3735 non

96 3743 313 3856 ‘quiescen
340 3761 397 3835 sed
413 3761 500 3834 ultra
514 3786 680 3848 excurret,
706 3761 789 3858 putit
811 3763 847 3833 in
868 3762 912 3830 N
919 3759 1038 3858 usque,
1088 3803 1122 3868 ρ
1135 3832 1145 3850 ,,

24 3855 67 3942 0
145 3863 198 3932 ira
224 3883 262 3932 ut
286 3861 431 3958 spatium
458 3866 487 3944 C
495 3863 536 3929 N
557 3861 628 3934 ferd
647 3859 686 3932 fit
707 3863 813 3958 duplo
837 3863 943 3956 majus
966 3859 1037 3959 spa·
1177 3895 1188 3914 s
1303 3861 1345 3929 M

143 3964 202 4034 rio
227 3964 308 4043 CM
316 3975 328 4047 ,'
351 3965 466 4060 prouti
487 3961 630 4034 calculus
650 3963 737 4040 dard
751 3964 886 4035 indicat.
924 3963 1033 4061 Prop-

144 4087 204 4136 ter
226 4063 381 4135 inertiam
406 4065 510 4158 igitur
530 4063 716 4158 pendulum
735 4064 884 4159 primbm
909 4065 1036 4135 tardilrs
1063 4068 1099 4140 vi
1133 4068 1321 4144 sollicitanti
1344 4073 1574 4172 obtemperat3

143 4185 253 4256 atque
275 4161 296 4236 a
321 4158 384 4238 srtu
404 4163 583 4258 aequilibrii
602 4165 751 4243 recedit3
767 4164 900 4246 deinde
921 4165 1007 4238 verd
1028 4170 1129 4239 eriam
1155 4173 1260 4265 magis
1284 4177 1430 4263 recedit,
1468 4179 1576 4270 majo⁴
1689 4219 1691 4223 v

147 4285 294 4360 remque
315 4259 545 4338 eircutstonem
565 4260 702 4336 consicit
714 4313 726 4352 ,
751 4261 856 4358 quim
879 4259 904 4332 fi
927 4265 1047 4336 inertis
1073 4293 1198 4343 careret
1211 4277 1337 4365 afquae
1355 4275 1429 4345 sunt
1451 4301 1498 4348 ea
1519 4280 1574 4374 ip·
1670 4269 1677 4278 ’

143 4363 191 4438 sae
211 4365 287 4436 duae
310 4387 386 4446 res,
422 4366 458 4435 in
481 4366 602 4458 quibus
626 4366 757 4438 theoria
776 4360 854 4435 antd
877 4358 1026 4460 exposita
1050 4369 1091 4440 ab
1112 4371 1319 4470 experientia
1341 4375 1487 4448 maxims
1507 4375 1575 4451 dis·
1623 4409 1626 4413 ·
1682 4433 1693 4442 .

110 4519 118 4526 „
142 4463 271 4537 sentire
295 4464 499 4557 deprehensa
517 4461 573 4540 esl.
1000 4513 1001 4518 κ

200 4564 235 4657 §.
261 4583 322 4660 74.
375 4564 412 4637 Si
432 4589 521 4637 nunc
541 4563 629 4640 istud
649 4565 789 4665 penduli
806 4566 1000 4664 exemplum
1016 4567 1058 4640 ad
1080 4561 1228 4643 nostrum
1248 4570 1356 4646 casum
1378 4569 1473 4646 assita
1495 4572 1575 4650 Mar¹

142 4665 193 4742 ris
220 4662 474 4750 transferamus,
500 4669 614 4764 primd
635 4670 757 4766 ingens
781 4665 964 4748 similitudo
986 4670 1023 4740 in
1044 4664 1106 4743 situ
1127 4673 1267 4767 penduli
1288 4676 1440 4786 vffticali
1457 4699 1495 4751 ac
1511 4673 1576 4748 sla:

219 4764 315 4846 Tom-
340 4767 433 4838 III.
977 4767 1066 4859 ,Ἰν
1536 4797 1577 4864 ω

520 4895 529 4906 ’
584 4917 599 4946 ο
