4380 5678
599 419 684 520 33p
808 401 1155 488 Iuturnam
1206 396 1455 482 tartarea
1507 421 1569 483 tn
1620 399 1855 488 Currant

603 571 648 623 tu
676 539 783 619 Maria
806 541 976 630 namrali,
1003 561 1106 638 quem
1128 538 1261 613 obtinet
1283 541 1424 615 remotis
1451 541 1613 638 potentiis
1632 542 1807 629 externit,
1842 538 2049 618 observantr:

532 675 537 688 ·
607 645 706 721 -Nam
734 643 1025 742 quemadmodum
1047 639 1261 738 pendulum,
1295 636 1377 715 stin
1397 663 1637 739 quamcunque
1661 644 1796 742 plagam
1819 643 1863 718 de
1885 639 1951 718 litu
1973 671 2049 719 ver·
2167 697 2168 726 ι

609 749 703 824 ricali
731 745 938 829 declinetur,
977 743 1115 843 proprii
1146 745 1184 815 vi
1204 743 1378 839 gravitatis
1408 743 1442 818 se
1467 745 1503 816 in
1528 749 1676 819 eundem
1707 747 1776 820 teci
1801 745 1848 831 it,
1883 747 1930 818 ita
1949 749 2048 820 etiam

610 845 729 948 aqua,
763 842 851 920 liert
876 840 940 918 lrtu
960 845 1021 926 suo
1044 843 1223 940 aequilibrii
1246 845 1462 942 depellatur,
1500 847 1539 918 vi
1564 847 1740 942 gravitatis
1763 773 1802 920 le
1828 845 1873 918 ad
1902 849 2047 920 eundem

610 947 1281 1142 lfflllltllll‘zillllxl
1296 946 1485 1121 llll?
1499 945 2049 1145 ,lllfllbrlltl‘asslll

604 1149 752 1228 'Deinde
777 1153 879 1223 etiam
902 1146 1001 1222 simili
1023 1149 1150 1235 modo,
1177 1169 1248 1243 quo
1269 1148 1480 1246 pendulum,
1508 1145 1608 1222 Mare
1628 1149 1700 1246 qud
1721 1149 1827 1247 magia
1845 1174 1890 1220 ex
1905 1144 1970 1222 srtu
1990 1147 2048 1223 suo

612 1253 756 1327 naturali
781 1251 882 1324 fuerit
906 1251 1135 1332 deturbatum,
1160 1247 1204 1321 eb
1229 1249 1392 1344 majorem
1415 1251 1553 1324 habebit
1571 1251 1646 1322 vim
1672 1249 1738 1325 lese
1762 1252 1799 1323 io
1823 1246 1923 1322 strum
1943 1253 2049 1346 aqui·

611 1355 705 1429 librii
724 1348 929 1426 restituendi.
983 1348 1096 1436 Quod
1118 1343 1142 1417 st
1163 1349 1270 1445 igitur
1286 1345 1387 1423 'Mare
1407 1349 1428 1423 ὲ
1450 1350 1581 1422 viribus
1605 1353 1752 1426 externit
1764 1402 1777 1441 ,
1813 1351 1903 1425 Solia
1929 1349 2051 1426 scilicet

610 1481 652 1531 ac
680 1456 807 1536 Lunae,
834 1477 917 1524 mox
938 1450 1091 1524 elevetur
1111 1473 1193 1521 mox
1215 1451 1451 1548 deprimatur,
1477 1445 1605 1526 necelle
1625 1450 1672 1526 eli
1695 1457 1734 1527 ut
1755 1454 1837 1527 inde
1859 1475 1973 1524 motur
1999 1453 2050 1526 os·

610 1557 796 1631 cillatoriut
819 1553 877 1627 seu
898 1554 1090 1649 reciprocus
1121 1550 1249 1624 oriatur
1272 1546 1363 1624 aestui
1389 1548 1497 1624 Maria
1521 1553 1664 1626 omnino
1686 1549 1821 1636 stmilir,
1859 1555 1921 1650 qui
1942 1577 2052 1628 autern

610 1681 673 1758 per
703 1657 794 1752 leger
828 1653 941 1727 morire
966 1651 1146 1726 difficulter
1175 1647 1312 1724 deliniri
1345 1676 1447 1749 queat
1468 1651 1619 1744 accurate
1634 1657 1827 1754 =quidem3
1866 1679 1946 1728 nam
1968 1681 2048 1728 vero

612 1757 796 1856 proxime,
821 1757 889 1828 hoc
913 1779 983 1824 non
1003 1754 1089 1826 adeo
1111 1754 1175 1826 erit
1202 1751 1349 1826 difficile.
1403 1751 1494 1828 Duae
1519 1779 1634 1829 autem
1660 1755 1737 1830 sunt
1759 1779 1837 1845 ret,
1862 1755 2052 1852 quaeabso·

613 1859 721 1932 lutam
746 1881 785 1930 ac
814 1853 1131 1953 perfedlam'totiur
1161 1849 1274 1926 morire
1305 1855 1624 1931 determinationem
1659 1855 1871 1955 sununopere
1905 1859 2051 1932 reddunt

614 1957 814 2042 difficilem,
841 1977 984 2052 quanam
1011 1954 1113 2028 altera
1135 1949 1309 2052 phyficam
1332 1953 1484 2052 specht,
1509 1979 1612 2053 atque
1636 1959 1674 2031 io
1694 1959 1769 2059 ipra
1787 1955 1975 2034 fluidortuu
1989 1983 2049 2032 na·

613 2061 693 2135 tura
719 2053 893 2144 consistit,
918 2079 1067 2152 quorum
1094 2077 1208 2127 motus
1229 2055 1410 2132 difficulter
1430 2057 1474 2131 ad
1503 2057 1671 2134 calculum
1693 2083 1897 2148 revocatur,
1935 2061 2050 2158 praei·

611 2158 683 2260 pul
702 2156 727 2230 fi
747 2156 886 2255 quaestio
910 2153 950 2230 fit
969 2161 1012 2232 de
1035 2151 1233 2253 ampliffimo
1256 2157 1422 2244 Oceano,
1450 2160 1511 2256 qui
1531 2161 1605 2232 aliia
1628 2163 1664 2232 in
1686 2161 1770 2235 lotia
1793 2161 1955 2245 elevetur,
1978 2163 2050 2235 aliia

614 2260 701 2336 verd
727 2262 943 2354 deprimatur.
1007 2256 1129 2330 Altera
1148 2281 1262 2332 autem
1284 2257 1462 2332 difficulter
1486 2260 1523 2331 in
1542 2261 1617 2356 ipsa
1638 2257 1764 2362 analysr
1789 2259 1836 2336 eli
1857 2258 1985 2358 posrta,
2008 2262 2049 2336 ed

613 2362 713 2458 qudd
735 2357 796 2432 ilie
819 2382 931 2430 motut
953 2353 1061 2431 Maria
1089 2359 1280 2456 reciprocis
1300 2359 1435 2454 prorsus
1465 2355 1507 2434 srt
1530 2359 1667 2437 diversu
1709 2368 1752 2439 ab
1772 2363 1932 2437 omnibus
1954 2362 2050 2438 oscil·
2169 2385 2170 2462 l

614 2462 799 2535 lationibut
827 2461 847 2534 *a
871 2459 1118 2532 Mathematicia
1140 2462 1252 2532 adhuc
1272 2453 1509 2533 confideratia:
1546 2466 1636 2537 viret
1777 2464 1887 2542 Lunae
1905 2489 1943 2536 ac
1964 2465 2050 2542 Solia
2169 2475 2170 2518 i

614 2557 717 2636 Mare
741 2560 953 2634 sollicitantes
978 2559 1135 2656 neque-t
1158 2556 1222 2632 fitu
1244 2560 1396 2658 corporis
1419 2559 1596 2637 oscillantia
1608 2614 1620 2654 ,
1655 2589 1768 2662 neque
1788 2567 1830 2638 ab
1847 2565 1919 2660 ejus
1940 2567 2052 2642 celeri-

461 2685 466 2697 ¹
617 2661 861 2760 tate,pendent,
886 2662 937 2732 uti
952 2661 989 2734 id
1009 2659 1178 2745 usuvenit
1199 2661 1237 2732 in
1253 2662 1411 2736 omnibus
1432 2661 1678 2740 oscillationum
1698 2661 1824 2740 cafibut
1842 2667 1948 2742 etiam
1964 2690 2052 2742 nunc

617 2755 792 2860 expolitis,
819 2757 943 2835 sedeat
963 2762 1054 2834 vires
1073 2760 1095 2834 'a
1112 2756 1178 2834 litu
1197 2762 1416 2834 luminarium
1435 2761 1589 2862 respeclu
1609 2763 1740 2857 Terrae,
1767 2767 1951 2865 ideoqued
1968 2792 2051 2844 tern-

614 2887 700 2962 pore
722 2863 1011 2950 determinantur,
1045 2861 1236 2954 cujusmodi
1252 2860 1478 2940 oscillationea
1498 2887 1600 2940 nemo
1619 2869 1732 2944 adhuc
1742 2920 1755 2960 ,
1781 2879 1949 2967 quantum
1974 2869 2052 2967 qui·

616 2965 698 3039 dem
720 2959 867 3045 constat,
894 2961 1021 3035 calculo
1044 2961 1194 3056 subjecit.
1462 3023 1464 3028 ,

668 3065 702 3158 §.
731 3086 794 3160 75.
851 3059 962 3150 Quod
981 3065 1123 3157 quidem
1146 3063 1190 3134 ad
1212 3061 1363 3158 priorem
1382 3063 1615 3142 difficultatem
1641 3063 1815 3170 phyfieam
1834 3073 1978 3158 attinet,
2002 3097 2053 3150 ret

618 3163 688 3236 hoc
706 3163 848 3259 quidem
871 3185 1025 3260 tempore
1047 3160 1118 3234 fere
1141 3159 1314 3259 desperata
1337 3165 1475 3240 videtur
1487 3192 1501 3255 3
1527 3192 1734 3265 quamquam
1756 3173 1848 3244 enirn
1876 3176 1919 3247 ab
1940 3175 2054 3271 aliquo
2132 3153 2154 3226 ⁸

617 3258 775 3362 ternpore
795 3265 928 3336 theoria
947 3259 1062 3334 moriar
1088 3285 1252 3358 aquarum
1277 3263 1430 3360 ingentia
1451 3263 1491 3338 fit
1511 3265 1653 3342 affecuta
1675 3273 1905 3362 incrementa,
1942 3297 2054 3350 tameo

617 3389 658 3437 ea
680 3359 885 3460 potiffimum
907 3387 1042 3435 motum
1063 3385 1227 3458 aquarum
1248 3366 1285 3436 in
1303 3361 1389 3438 valia
1407 3368 1446 3441 δι
1467 3371 1558 3441 tubis
1578 3365 1757 3476 fluenpum
1776 3373 1972 3471 respiciunt,
1994 3403 2055 3452 ne·
2170 3349 2171 3444 l

555 3490 556 3493 ¹
617 3487 686 3560 que
710 3466 771 3536 vix
789 3465 897 3536 ullum
921 3463 1145 3535 commodum
1167 3464 1248 3535 inde
1271 3467 1316 3536 ad
1340 3477 1472 3550 totum
1493 3467 1626 3544 Oceani
1649 3469 1884 3549 definiendum
1906 3478 2056 3552 derivati
2170 3451 2171 3508 l

618 3560 740 3662 potest
793 3560 1031 3649 Quamobrem
1054 3563 1092 3633 in
1116 3565 1185 3634 hoc
1206 3567 1346 3660 negotio
1372 3569 1465 3641 aliud
1489 3572 1672 3668 quicquam
1696 3571 1849 3673 praestare'
1871 3579 2056 3670 nonlicet,
2170 3573 2171 3576 ¹

509 3691 513 3705 ·
616 3659 680 3734 nist
698 3683 736 3735 ut
759 3657 1004 3760 hypothelibus
1023 3661 1241 3757 effingendis,
1275 3687 1352 3759 quae
1372 3667 1393 3742 'a
1413 3671 1555 3744 veritate
1580 3673 1686 3768 quim
1708 3675 1851 3748 minime
1869 3678 2054 3770 abludant,
2170 3713 2171 3718 ¹

610 3783 693 3835 uota
716 3739 854 3858 quaestio
876 3763 921 3834 ad
943 3757 1225 3836 confideretionet
1243 3764 1328 3859 puri
1347 3770 1567 3862 geometricas
1591 3775 1630 3848 δι
1657 3775 1730 3848 anal
1758 3779 1839 3850 ricae
1858 3795 2091 3869 revocetur-0

617 3862 763 3970 alterato
785 3885 901 3936 autem
926 3859 1158 3934 difficultatem
1184 3864 1478 3958 mathematicam,
1512 3870 1640 3946 etiamst
1671 3803 1878 3952 difficillimis
1902 3882 2055 3980 integra·
2113 3911 2147 3998 0

619 3965 771 4036 tionibus
795 3957 835 4035 stt
865 3961 1048 4049 involuta,
1083 3985 1195 4034 tamen
1232 3963 1374 4042 feliciter
1407 3969 1561 4068 superare
1591 3971 1808 4053 conlidimur.
1860 3977 2056 4058 confidere

617 4063 743 4139 scilicet
767 4059 976 4160 superficiem
1000 4085 1095 4160 aquae
1125 4063 1209 4146 RS.
1247 4089 1323 4162 quar
1345 4073 1412 4143 hoc
1436 4067 1559 4147 inlitu
1583 4077 1812 4174 aequilibrium
1838 4103 1952 4156 teneat
1969 4108 2055 4158 curo

616 4165 750 4260 reliqua
779 4189 886 4261 aqua,
928 4165 1065 4237 remotis
1088 4165 1219 4239 viribus
1247 4173 1419 4260 extemit3
1454 4173 1510 4247 his
1539 4177 1623 4250 verd
1651 4179 1888 4255 accedentibus
1918 4184 2058 4258 alternis

619 4269 755 4340 vicibus
776 4267 946 4339 attollatur
969 4267 1006 4336 in
1025 4269 1091 4352 A,
1123 4267 1398 4369 deprimaturque
1428 4273 1465 4345 in
1487 4277 1529 4346 B.
1550 4351 1560 4362 ,
1593 4275 1705 4366 Quod
1730 4275 1755 4354 st
1780 4283 1887 4380 igitur
1908 4307 2000 4380 aqua
2021 4287 2060 4358 in

615 4363 666 4462 ’Μ
691 4365 795 4462 usque
818 4363 857 4440 fit
882 4361 1053 4464 deprell'a,
1086 4389 1190 4464 atque
1213 4393 1360 4446 exrema
1384 4375 1472 4448 viret
1498 4375 1588 4450 Solia
1616 4405 1656 4454 ac
1685 4381 1794 4455 Lunae
1815 4382 1926 4458 subitd
1950 4381 2061 4460 eeffi-

619 4487 718 4551 rent,
752 4489 826 4538 tum
851 4472 887 4541 vi
918 4469 1093 4562 gravitatis
1129 4472 1274 4568 proptiae
1297 4497 1475 4548 conaretur
1498 4474 1565 4553 sese
1592 4481 1725 4574 elevare
1757 4481 1861 4579 usque
1884 4484 1922 4557 in
1952 4483 2061 4560 strum

616 4565 686 4656 ,tr
704 4569 910 4648 naturalem,
937 4565 1065 4664 illeque
1088 4592 1228 4644 oouatut
1254 4572 1298 4647 ed
1323 4577 1388 4649 erit
1408 4575 1515 4670 major
1527 4628 1540 4666 ,
1564 4583 1636 4675 qud
1654 4581 1764 4674 maiua
1781 4583 1884 4658 fuerit
1908 4583 2062 4684 spatium

561 4759 563 4764 ,
611 4667 648 4756 ἒ
656 4667 706 4740 Μ
727 4687 798 4768 quo
820 4663 931 4808 ἔξω
956 4668 1100 4746 naturali
1121 4665 1229 4746 ὤθει·
1288 4671 1625 4782 Arentemque
1652 4706 1725 4760 uon
1748 4685 1899 4770 multum
1917 4692 2064 4766 recede·

1802 4813 1806 4822 ·
1956 4811 2059 4884 mua,
