4444 5668
640 485 719 555 124
895 463 1286 552 Purrosorrrrt
1332 461 1692 550 Naronarrs

448 599 499 662 ¹³¹
517 601 607 662 Mot-
631 615 835 678 cernentur
858 591 1052 700 distruere,
1081 596 1144 685 sed
1170 623 1322 686 motum
1350 597 1546 713 quendam
1574 604 1736 680 mixtum
1768 595 1947 682 efficient.
2009 603 2052 688 ln

448 677 607 824 2³:4⁵3?
629 715 873 796 luminarium
899 721 1181 827 conjunctione.
1197 725 1258 804 vel
1285 721 1522 830 oppositione
1547 721 1826 828 conjungentur
1845 747 1981 808 eorum
2002 725 2052 806 ef.

629 832 762 930 fenus,
794 843 1109 951 &componetur
1135 832 1208 938 (³)
1234 839 1355 920 fluxus
1384 837 1607 920 &refluxus
1631 844 1832 922 maximus.
1893 846 1936 924 ln
1963 873 2053 953 qua.

630 946 791 1042 draturis
812 953 865 1038 sol
895 962 1045 1043 attollet
1072 984 1213 1071 ‘aquam
1250 956 1314 1040 ubi
1344 959 1432 1040 luna
1465 945 1666 1068 deprimit,
1699 953 1966 1069 deprimetquc
1990 961 2052 1042 ulai

630 1077 721 1158 luna
746 1078 916 1165 attollirr
958 1090 999 1162 &
1035 1108 1083 1161 ex
1108 1074 1316 1160 effestuum
1350 1071 1565 1158 differentia
1591 1080 1694 1158 allus
1731 1083 1907 1158 omnium
1943 1087 2055 1160 mini.

632 1219 717 1280 mus
747 1201 902 1276 orietur.
961 1199 1010 1278 Et
1035 1204 1249 1306 quoniam,
1279 1199 1510 1305 experientis
1540 1200 1656 1290 teste,
1704 1198 1826 1298 major
1856 1197 1907 1274 est
1942 1193 2054 1276 eil'ec-

630 1333 692 1394 tus
720 1313 818 1396 lunae
851 1339 965 1419 quam
1003 1314 1113 1409 solis,
1153 1306 1302 1395 incidet
1333 1341 1441 1420 aquae
1474 1319 1640 1394 maxima
1663 1308 1825 1394 altitudo
1856 1319 1894 1392 in
1918 1314 2054 1394 horam

630 1435 786 1534 tertjam
816 1429 987 1510 lunarem
1019 1438 1180 1513 circiter.
1241 1432 1356 1511 Extra
1386 1427 1616 1538 syzygias&
1645 1425 1919 1536 quadraturas,
1951 1435 2054 1513 aestus

631 1553 822 1629 maximus
851 1553 918 1653 qui
957 1547 1032 1628 soll
1059 1555 1096 1630 vi
1129 1551 1249 1628 lunari
1293 1542 1461 1628 incidere
1492 1546 1636 1653 semper
1667 1541 1825 1652 deberet
1856 1554 1894 1628 in
1920 1548 2056 1630 horam

630 1671 785 1745 tertiam
810 1666 1011 1762 lunarem,
1042 1678 1082 1748 δι
1112 1665 1187 1747 sold
1216 1654 1323 1746 solari
1352 1671 1393 1744 in
1426 1671 1578 1744 tertiam
1605 1661 1794 1760 solarem,
1837 1666 2057 1773 compositis

633 1780 777 1863 viribus
810 1775 956 1864 incidet
984 1790 1025 1864 in
1054 1804 1204 1894 tempus
1235 1774 1392 1889 aliquod
1426 1775 1697 1862 intermedium
1723 1778 1975 1889 quod‘rertiae
2006 1789 2058 1865 lu-

505 1943 508 1954 ·
632 1907 715 1980 nari
751 1905 998 2009 propinquius
1034 1904 1111 1989 elir
1156 1896 1326 2007 idcdque
1355 1907 1396 1979 in
1433 1901 1585 1980 transitu
1627 1900 1724 1979 lunae
1761 1897 1782 1979 a
1817 1899 1974 2008 syzygiis
2006 1896 2054 1981 ad

531 2083 533 2092 .
631 2010 908 2127 quadraturas,
939 2016 1004 2100 ubi
1034 2018 1131 2098 hora
1158 2025 1272 2100 tertia
1303 2013 1429 2097 solaris
1463 2010 1645 2124 praecedit
1679 2020 1830 2099 tertiam
1860 2019 2059 2114 lunarem,

602 2177 604 2186 r
631 2141 802 2216 maxima
827 2159 935 2243 aquae
959 2129 1124 2218 altitudo
1149 2128 1338 2244 praecedet
1362 2139 1480 2214 eriam
1505 2142 1659 2216 tertiam
1693 2134 1901 2230 lunarem,
1943 2131 2061 2246 idque

632 2260 808 2336 maximo
836 2255 1036 2361 intervallo
1063 2256 1176 2362 paulo
1205 2253 1287 2363 post
1314 2253 1483 2332 ouantes
1509 2255 1619 2340 lunae,
1651 2263 1690 2334 &
1712 2253 1862 2359 paribus
1884 2255 2062 2334 interval-

635 2369 680 2452 lis
710 2373 815 2451 aestus
843 2377 1033 2452 maximus
1066 2369 1240 2480 sequetur
1272 2369 1410 2449 horam
1443 2376 1594 2450 tertiam
1626 2371 1797 2452 lunarem
1833 2380 1872 2454 in
1908 2372 2063 2456 transitu

637 2491 735 2571 lunae
763 2491 784 2566 a
808 2481 1046 2595 quadraturis
1072 2483 1123 2568 ad
1158 2486 1337 2596 syzygias.
1413 2487 1510 2568 Haec
1540 2493 1592 2569 ita
1629 2486 1710 2569 sunt
1751 2494 1917 2570 inmari
1956 2513 2064 2600 aper·

637 2629 696 2718 to.
754 2605 859 2688 Nam
886 2612 923 2684 in
944 2610 1042 2689 ostiis
1075 2605 1281 2688 fluviorum
1301 2602 1422 2684 fluxus
1447 2606 1783 2708 majores'cztcris
1811 2604 1963 2717 paribus
1987 2631 2063 2690 tar-

638 2719 724 2808 dius
753 2717 804 2806 ad
833 2733 932 2813 intr
963 2733 1129 2806 venient.

700 2834 875 2924 Pendent
895 2867 1023 2924 autem
1052 2836 1207 2924 effetirus
1238 2835 1487 2924 luminarium
1519 2861 1566 2922 ex
1590 2869 1725 2925 eorum
1747 2837 1930 2926 distantiis
1952 2843 1975 2924 a
1995 2861 2067 2923 ter·

639 2959 692 3044 td.
753 2961 797 3040 ln
824 2961 1034 3042 minoribus
1065 2964 1170 3040 enim
1199 2951 1381 3039 distantiis
1411 2961 1573 3062 majores
1601 2957 1684 3042 sunt
1713 2989 1847 3042 eorum
1888 2955 2065 3053 effeetus,

640 3087 681 3163 in
711 3075 917 3181 majoribus
944 3086 1127 3170 minores,
1159 3069 1276 3184 idque
1306 3083 1346 3156 in
1375 3069 1449 3173 (¹³)
1474 3079 1663 3185 triplicari
1687 3089 1836 3182 ratione
1859 3074 2067 3162 diametro·

641 3221 727 3278 rum
760 3203 1033 3304 apparentium.
1094 3197 1211 3304 Igitur
1236 3189 1289 3273 sol
1317 3215 1492 3301 ternpore
1512 3192 1698 3296 hyberno,
1731 3204 1769 3278 in
1801 3205 1966 3308 perigaeo
1991 3201 2067 3276 exi.

641 3316 753 3409 stens,
784 3307 1050 3428 majores'edit
1067 3305 1248 3416 effeetus„
1267 3299 1462 3419 efficitque
1476 3335 1519 3394 ut
1534 3315 1637 3394 aesius
1662 3325 1702 3394 in
1717 3316 1873 3426 syzygiis
1897 3312 1953 3412 (¹)
1982 3343 2070 3424 pau·

643 3432 682 3512 lo
720 3433 880 3534 majores
909 3431 1004 3527 fint,
1044 3441 1085 3513 δι
1114 3436 1156 3512 in
1186 3421 1421 3546 quadrgguris
1449 3431 1562 3536 pauli)
1593 3440 1764 3514 minores
1801 3438 1977 3529 (caeteris
2008 3459 2070 3540 pa-

645 3545 768 3642 ribus)
797 3574 913 3655 quam
941 3570 1117 3656 tempore
1140 3547 1292 3634 aestivo3
1315 3555 1356 3627 &
1376 3543 1468 3654 syna
1499 3553 1538 3627 in
1566 3557 1730 3659 perigaeo
1755 3551 1906 3662 fingnlis
1933 3548 2069 3631 menfi-

646 3662 717 3746 bus
747 3665 908 3768 majores
935 3673 1016 3747 ciet
1043 3665 1146 3746 aestus
1172 3691 1288 3770 quam
1309 3661 1401 3783 '5nt
1431 3663 1492 3744 vel
1514 3667 1596 3771 post
1624 3662 1704 3747 dies
1734 3663 1973 3778 quindecim,
2007 3665 2071 3748 ubi

647 3787 687 3864 in
719 3807 881 3891 apogaeo
904 3781 1080 3864 versatur.
1142 3785 1226 3877 (¹¹¹)
1257 3772 1379 3864 Unde
1406 3783 1449 3862 fit
1479 3802 1521 3861 ut
1548 3787 1657 3868 ‚aestus
1682 3780 1760 3866 duo
1809 3793 1973 3870 omnino
1995 3813 2072 3866 ma·
2196 3821 2197 3864 :

646 3905 742 3984 ximi
764 3905 804 3980 in
826 3899 983 4012 lyzygiis
1005 3902 1194 3981 continuis
1218 3895 1254 3980 se
1279 3895 1418 3981 mutud
1443 3924 1523 3980 non
1550 3900 1763 4012 sequantur.
1978 3907 2074 3988 Pen-

520 4078 584 4146 ¹55·
645 4083 720 4162 (41.
740 4083 792 4144 lib.
816 4083 866 4158 r.)
897 4085 940 4144 ita
959 4101 1054 4142 morus
1076 4079 1134 4144 birri
1153 4101 1224 4160 quor
1246 4083 1334 4144 lumi·
1385 4082 1486 4144 virium
1514 4084 1647 4146 summam
1669 4089 1696 4146 a
1722 4085 1750 4146 in
1783 4089 1964 4179 quadraturis
1989 4084 2075 4175 1³²9st

647 4160 725 4222 naria
747 4159 806 4220 hac
821 4162 877 4220 duo
902 4158 1027 4220 excitant
1047 4178 1104 4217 non
1125 4177 1277 4220 cernentur
1291 4160 1334 4219 di·
1385 4163 1511 4222 minores
1530 4166 1569 4224 ob
1591 4163 1733 4222 minorem
1759 4167 1861 4228 vinum
1883 4166 2075 4228 differenrranr

648 4237 744 4298 liintie
763 4237 940 4298 sedmorum
961 4237 1112 4313 quemdam
1140 4233 1257 4296 mixtum
1276 4235 1337 4298 effi·
1385 4257 1470 4316 quam
1496 4255 1625 4316 tempore
1655 4237 1758 4298 aellivo.

648 4314 737 4376 cient.
1425 4317 1497 4390 (nr)
1537 4314 1651 4374 *uati
1659 4313 1695 4394 fir
1714 4333 1744 4373 ur
1760 4317 1842 4395 astar.
1883 4314 2006 4377 sienim
2021 4317 2075 4375 lu·
2195 4307 2196 4328 ¹

686 4389 742 4464 (i)
781 4389 803 4435 *
840 4389 936 4447 fluxus
966 4386 1002 4452 (r
1034 4387 1155 4465 refluxus
1180 4396 1334 4454 maximus,
1388 4409 1423 4449 na
1436 4389 1463 4448 in
1478 4388 1647 4468 syrigiarum
1662 4393 1753 4452 altera
1773 4393 1805 4454 lit
1818 4392 1900 4454 circs
1913 4391 2076 4472 perigaeunr,

650 4464 800 4548 uttpore‘d
822 4464 922 4523 uirium
939 4463 1043 4524 summi
1064 4485 1122 4522 rum
1141 4466 1279 4543 temporis
1298 4483 1334 4526 o·
1386 4465 1536 4543 aestumque
1564 4465 1714 4526 maximum
1737 4467 1896 4558 conjuntlis
1921 4488 1988 4528 cum
2018 4469 2078 4528 sole

647 4541 771 4602 nundus.
1386 4542 1489 4600 vrribus
1503 4559 1572 4602 runc
1588 4543 1723 4620 temporis
1736 4562 1852 4610 exciret,
1872 4545 1982 4604 necesse
1996 4545 2035 4604 eil
2050 4557 2079 4602 ur

684 4615 755 4692 (t)
796 4613 816 4660 'l‘
850 4619 881 4673 ln
902 4613 1041 4692 triplicans
1067 4620 1171 4675 rarione
1191 4615 1334 4676 diametro·
1390 4614 1530 4701 inlalrerd
1548 4617 1665 4698 syzygia
1685 4621 1812 4682 versetur
1830 4621 1912 4688 circi
1931 4638 2078 4707 apogeum

640 4705 711 4747 rum
731 4693 812 4765 (cor.
832 4709 872 4756 ¹4·
886 4708 966 4766 prop.
984 4705 1029 4748 co.
1044 4691 1096 4774 lib.
1114 4711 1139 4750 r.
1151 4694 1176 4766 ).
1389 4693 1571 4773 minoresque
1592 4697 1665 4760 uires
1686 4697 1827 4760 obtineat.

684 4766 746 4844 (l)
785 4763 909 4826 *Partiri
926 4768 1038 4834 majores
1045 4767 1123 4844 stur,
1143 4769 1181 4829 ob
1198 4770 1336 4850 majorem
