4444 5668
449 466 790 553 Pntncturn
849 461 1370 556 Marutunrrcn-
1514 487 1593 566 123

168 629 280 727 prop.
309 633 444 694 cxvt.
473 606 537 688 lib.
578 636 608 690 1.
638 634 680 691 ut
708 611 781 713 (t)
812 624 985 725 &aquae
1024 621 1232 696 maximam
1255 606 1520 709 altitudinem,
1552 619 1591 691 in
1617 615 1768 711 lun⁸

169 726 339 812 maribus
362 719 557 836 profundis
580 737 620 807 dt
653 729 806 824 liberis,
835 732 1030 841 appulsum
1061 735 1305 816 luminarium
1338 728 1386 814 ad
1418 726 1592 810 meridia·
1617 697 1774 832 gfff*

169 875 266 932 num
296 849 373 927 loci
404 850 544 924 minori
570 872 686 950 quam
708 845 769 930 sex
792 846 973 929 horarum
997 848 1114 959 spatio
1144 848 1259 958 sequi,
1290 859 1344 931 uri
1373 852 1417 932 fit
1449 855 1486 928 in
1514 875 1591 928 ma-
1616 844 1751 974 lTfflVr
1786 838 1792 848 ’

173 973 225 1046 ris
261 963 452 1041 Atlantici
493 973 534 1042 de
568 957 771 1078 AErlitpici
808 967 930 1047 traslu
968 990 1054 1048 toto
1091 973 1268 1048 orientali
1296 977 1393 1050 inter
1426 967 1592 1048 Galliam
1614 935 1769 1074 tillio&

174 1081 553 1193 &promontorium
582 1077 687 1160 Bone
714 1084 800 1194 Spei
834 1096 939 1166 ut&
968 1092 1008 1166 itt
1035 1093 1146 1165 maris
1176 1075 1325 1185 Pactfim
1355 1088 1484 1168 littore
1512 1083 1601 1164 Cltt‘.L

174 1199 258 1305 ltnfi
286 1211 327 1282 dt
363 1195 593 1278 Petuur'ano:
637 1207 679 1283 in
711 1200 850 1309 quibus
877 1202 1275 1284 omnibus'littoribus
1313 1207 1415 1284 aestus
1451 1213 1489 1285 in
1519 1205 1620 1286 ho-‘
1743 1241 1746 1252 ·

174 1343 258 1399 ram
290 1325 441 1398 circiter
464 1311 690 1411 secundam,
722 1325 875 1400 tertiam
899 1323 959 1400 uel
978 1399 980 1402 ,
998 1341 1199 1428 quartam,
1233 1315 1391 1414 incidit,
1435 1323 1502 1400 nist
1530 1321 1598 1402 ubi

175 1454 321 1518 motus'
342 1434 389 1514 ab
420 1435 586 1514 Oceano
617 1427 808 1541 profundo
836 1465 902 1544 per
940 1440 1026 1516 loca
1057 1431 1195 1520 vadosa
1231 1463 1457 1546 propagatus
1483 1444 1605 1544 usquc·

177 1549 228 1636 ad
255 1553 390 1632 lroram
413 1556 586 1658 quintam
616 1549 757 1634 sextam
786 1545 984 1661 septimam
1011 1575 1076 1632 aut
1108 1557 1203 1634 ultra
1235 1550 1454 1638 retardatur.
1515 1557 1606 1635 Ho..
1685 1633 1688 1640 .

178 1699 237 1754 rar
262 1695 424 1750 numero
447 1665 496 1745 ab
522 1665 672 1776 appulsi
700 1672 894 1750 luminaris
928 1668 1117 1777 utriusque
1149 1665 1198 1748 ad
1223 1668 1483 1754 meridianum.
1508 1675 1599 1767 loci,

176 1811 257 1869 tam
290 1783 387 1868 infra
416 1777 661 1863 horizontem
680 1811 798 1892 quarn
821 1786 943 1896 supra,
972 1797 1012 1868 dc
1037 1812 1103 1892 pet
1128 1786 1243 1868 horas
1273 1783 1349 1866 diei
1378 1792 1517 1871 lunatis
1544 1797 1608 1871 in-.

176 1909 310 2014 telligo
338 1901 533 2011 vigesimus
559 1923 712 2008 quartas
738 1926 859 2010 partes
889 1909 1075 2009 temporis
1107 1929 1185 2010 quo
1222 1905 1311 1984 luna
1348 1931 1457 1987 motu
1490 1935 1617 2016 appa„

176 2049 287 2104 rente
311 2017 452 2102 diurno
475 2013 523 2096 acl
546 2011 799 2098 meridianum
827 2023 903 2101 loci
926 2027 1140 2102 revertitur.
1209 2024 1274 2101 Vis
1303 2019 1388 2102 solis
1414 2027 1473 2103 vel
1504 2027 1608 2104 lunae·

175 2136 230 2222 acl
263 2167 368 2220 mare
402 2130 630 2219 elevandum
669 2144 834 2216 maxima
861 2141 914 2218 est
946 2136 1097 2244 inipso
1140 2137 1290 2244 appulsu
1325 2142 1520 2224 luminaris
1554 2135 1610 2221 adt

174 2252 432 2337 meridianum
466 2255 553 2334 loci.
617 2247 692 2334 Sed
723 2261 778 2332 vis
807 2283 854 2334 eo
880 2279 1053 2360 tempore
1078 2261 1116 2334 in
1139 2279 1244 2334 mare
1268 2251 1443 2365 impressa
1469 2277 1603 2339 manet

175 2368 411 2484 aliquamdiu
434 2382 474 2452 δι
502 2399 567 2476 per
597 2377 676 2448 vim
706 2397 849 2451 novam
877 2365 1033 2452 subinde
1058 2367 1272 2480 impressam
1306 2389 1494 2482 augetur,
1530 2371 1605 2452 do-

173 2521 251 2572 nec
291 2517 396 2575 mate
436 2483 487 2567 ad·
518 2483 764 2569 altitudinem
803 2497 1013 2569 maximam
1058 2483 1287 2586 ascenderit,
1318 2487 1361 2571 id
1398 2487 1507 2600 quod
1536 2494 1611 2572 fiet·

175 2608 298 2717 spatio
326 2607 435 2686 horte·
460 2612 567 2686 unius
595 2601 805 2686 duarumve
829 2601 893 2686 sed
915 2607 1042 2716 sapi-us
1068 2603 1116 2687 ad
1133 2610 1261 2688 littora
1279 2607 1396 2717 spatio
1422 2613 1607 2694 horarum

176 2735 294 2815 trium
325 2733 501 2817 circiter,
533 2725 732 2804 velerum
763 2727 927 2831 plurium
954 2725 980 2803 st
1010 2753 1114 2804 mare
1144 2725 1188 2803 fit
1210 2722 1418 2809 viduum(

231 2839 308 2942 lh),
336 2843 471 2932 Motus
502 2861 632 2925 autem
659 2842 767 2938 bini,
811 2871 907 2954 quos
935 2847 1136 2928 luminaria
1165 2837 1247 2924 due
1279 2854 1473 2942 excitant,
1517 2875 1600 2930 non

1013 2986 1015 2998 ·
1440 2992 1600 3050 ceruen.

171 3197 341 3262 velociores
361 3213 460 3267 eruent
491 3196 525 3257 in·
538 3196 714 3276 quadraturis
732 3195 785 3255 live·
804 3196 863 3257 lio-
912 3195 1056 3274 magisque
1073 3198 1210 3260 attollet,
1240 3197 1326 3275 usqu&
1347 3199 1413 3258 dum
1434 3199 1542 3260 eadem
1556 3201 1598 3262 vii
1719 3212 1734 3261 t·

171 3277 207 3336 ri
227 3273 304 3336 sexti
327 3274 473 3342 matutini,
494 3279 518 3332 8(
540 3273 698 3352 vespertini
722 3273 860 3333 tardiores
911 3289 1003 3330 trtottn
1023 3271 1125 3331 diurno
1148 3276 1288 3332 contraria
1306 3273 1504 3334 liuidicutlunt
1527 3297 1599 3352 patt-

197 3365 261 3411 uam
290 3347 447 3425 superficies
478 3349 558 3427 globi
588 3349 745 3427 contigua,
775 3366 860 3423 quare
912 3346 992 3406 latim
1010 3345 1081 3404 srllat
1101 3351 1128 3406 dt
1147 3366 1231 3424 aquas
1251 3367 1336 3426 cogat
1356 3350 1481 3408 refluere.
1528 3353 1599 3414 Haec

171 3370 248 3486 duee
266 3426 294 3484 in
315 3427 398 3486 alveo
418 3425 576 3502 refluetque
599 3425 740 3503 pervices
760 3444 806 3500 per
829 3443 858 3481 e·
911 3423 1006 3481 morin
1029 3423 1185 3482 retardatio
1215 3423 1334 3482 unanime
1362 3425 1447 3484 eirca„
1469 3430 1605 3490 ottoniae.

170 3504 228 3562 tud
253 3506 326 3580 (per
354 3521 414 3560 cor.
440 3521 483 3574 ¹9·
509 3506 535 3558 dt
565 3499 636 3570 ιο.)
660 3501 735 3558 idern
760 3445 860 3572 pollen
909 3494 963 3562 live
983 3497 1082 3558 horam
1109 3498 1221 3556 tertiam
1240 3497 1374 3560 notabilis
1390 3499 1439 3559 ell.
1459 3501 1605 3564 Aliauon.

169 3579 279 3639 iterum
307 3574 543 3637 demonstrabitur
573 3575 701 3654 viresque
728 3577 804 3636 Solis
832 3581 860 3634 ἃ
911 3572 1009 3632 desunt
1026 3577 1155 3650 exempla
1174 3575 1360 3635 maximorum
1381 3575 1527 3636 effeetuum
1546 3577 1597 3654 qui

169 3656 260 3716 Luna
278 3652 389 3712 seotlim
412 3655 657 3730 'computabuntur
912 3647 973 3734 poll
989 3650 1084 3714 causat
1101 3647 1235 3712 maximas
1254 3650 1437 3730 contingunt.
1477 3651 1546 3710 Non
1566 3651 1605 3713 in,

214 3729 286 3809 (g)
323 3729 346 3774 *¹
385 3734 464 3804 Aqua
502 3734 650 3785 niaximum
680 3723 860 3784 altitudinem.
911 3721 1117 3784 tlirlolllitiir
1141 3724 1238 3785 antitis
1263 3726 1382 3786 maxime
1403 3725 1598 3796 serretellae,

170 3807 252 3866 Rem
273 3803 312 3864 iti
331 3805 359 3863 se
375 3802 481 3861 habete
500 3818 579 3880 petet
597 3821 631 3862 ea
643 3801 799 3861 obstruatis
811 3799 862 3860 tes-
921 3817 980 3859 reut
997 3819 1089 3876 neque
1105 3803 1133 3860 in
1152 3798 1215 3878 ipfir
1235 3801 1361 3880 lollliriis
1383 3801 1525 3882 Hybernis
1539 3823 1608 3863 mam
1640 3804 1644 3810 '

169 3878 251 3940 tibur
270 3879 407 3942 marinis,
427 3877 502 3936 ratio
525 3894 620 3937 autern
641 3877 701 3938 hae
721 3877 770 3936 eli.
813 3875 862 3935 Vir
911 3873 987 3933 xime
1010 3875 1097 3952 stiget
1127 3875 1243 3968 hiempp',
1265 3876 1317 3937 sed,
1341 3876 1455 3956 integro
1481 3877 1599 3938 circiter

168 3956 251 4016 Solis
266 3957 310 4016 rel
331 3959 413 4014 Luna
435 3953 471 4013 ad
488 3971 565 4012 mare
582 3955 748 4012 elevandum
771 3951 860 4010 matti-
913 3951 1008 4008 mense
1029 3949 1094 4027 poll*
1110 3951 1229 4037 lolllirp
1251 3952 1387 4012 maximus
1408 3952 1599 4031 deprehendi·

169 4031 275 4092 maeli
301 4033 329 4090 in
355 4029 415 4108 ipso
437 4028 550 4106 appulsu
578 4029 721 4087 luminaris
743 4029 777 4084 ad
798 4045 861 4085 me·
913 4042 957 4084 tur
984 4027 1084 4086 allatis
1111 3969 1287 4104 Hyeulasque
1317 4027 1439 4100 aflectus.
1481 4027 1599 4086 Indubi-
1711 4047 1714 4058 ·

165 4107 311 4168 titianum
332 4112 357 4164 dt
383 4105 481 4184 pollen
500 4105 652 4172 decrescit,
671 4101 858 4163 attamenhu-
912 4100 972 4160 tati
988 4121 1106 4178 quoque
1130 4099 1240 4164 constal
1266 4103 1442 4182 experiendi
1461 4103 1598 4164 summum

164 4183 216 4264 jus
231 4183 269 4241 ris
289 4183 401 4244 effecius
421 4178 545 4237 nondum
561 4179 600 4239 est
619 4181 762 4239 matrimus·
783 4179 865 4238 Om-
911 4176 1038 4236 calorem
1058 4177 1179 4236 secundi
1192 4179 1427 4258 auertertiipoll
1448 4176 1607 4243 meridiem.

164 4261 218 4318 nir
239 4260 314 4318 e'nim
345 4277 438 4316 morus
458 4253 545 4314 semel
563 4253 703 4334 impressus
729 4253 858 4333 perseue-
914 4248 986 4310 bort
1011 4251 1085 4315 fieri.

163 4355 216 4396 nt
245 4333 450 4395 uniformiter,
477 4331 571 4391 donee
600 4351 682 4391 motu
712 4328 859 4389 contrario
885 4374 922 4410 ..¹-
950 4327 1023 4402 (h)
1061 4329 1083 4374 *¹
1110 4335 1199 4387 Motus
1223 4344 1313 4387 autem
1339 4325 1404 4413 birri.
1431 4327 1606 4458 'quemad--

163 4407 508 4482 destruaturrqllsulrem
532 4408 699 4469 retardetur.
740 4401 861 4466 Hincfit
896 4403 1439 4481 jruudumcorpusquodrirduplicrtt
1471 4405 1600 4466 ollicitn·

162 4503 204 4548 ut
222 4487 308 4544 fluxus
334 4473 419 4545 maiis
458 4503 489 4542 et
514 4480 560 4542 set
581 4483 696 4544 circiter
711 4479 797 4540 horas
811 4479 863 4540 an?
881 4482 889 4504 ”
909 4471 971 4564 ,ψη
990 4478 1019 4536 in
1044 4478 1129 4566 lineis
1141 4480 1246 4566 duabur
1268 4478 1402 4555 progredi
1421 4478 1530 4565 nequit,
1550 4480 1607 4540 sedv

161 4561 374 4622 temeridianas
393 4504 485 4618 andus
514 4563 541 4618 dt
564 4577 629 4619 cum
658 4577 736 4616 mutu
758 4555 870 4628 diurno·
911 4553 1069 4632 eqnjundts
1086 4555 1189 4617 utribus
1210 4554 1468 4641 parallelogrammi
1498 4557 1600 4644 drago·

160 4637 336 4725 conspirans
358 4637 555 4700 acceleratus,
585 4633 689 4713 majori
711 4633 862 4696 celeritate
913 4633 1006 4690 odem
1029 4633 1133 4691 eodem
1155 4633 1244 4690 modo
1266 4631 1402 4689 deletrbtr
1427 4649 1460 4691 ac
1477 4629 1496 4688 st
1516 4629 1601 4694 unici

159 4715 289 4784 ultum
319 4727 443 4803 pergere
470 4710 575 4790 deletu
604 4715 633 4778 dt
658 4705 868 4794 ,inmortale
912 4705 1042 4798 ylsiltti
1065 4706 1224 4792 diagonalis
1244 4703 1430 4782 direeipneu
1452 4723 1600 4862 wgeffi‘

279 4832 282 4840 ¹
1588 4815 1599 4849 9
