4482 5658
439 425 801 554 sPnrrrerrrn
859 449 1342 538 Marursrnurcn·
1592 473 1617 556 3

1640 594 1771 656 Lran

637 643 1013 734 naeuus
1070 647 1168 730 111.
1511 616 1514 640 '
1639 673 1787 736 aaa...

190 831 407 957 'Qualitoret
445 861 628 952 corporum
663 868 741 954 que
776 833 919 923 intendi
958 838 1006 922 «θ’
1043 846 1183 923 remitti
1218 867 1425 955 nequeunt,
1466 865 1620 954 queque

247 958 448 1074 torporibus
483 958 647 1039 omnibus
675 981 882 1072 competunt
920 962 961 1038 r'n
998 958 1126 1071 quibus
1157 967 1403 1076 experimenta
1436 959 1623 1072 instituere

248 1073 362 1176 licet,
389 1105 453 1194 pro
482 1077 726 1192 qualitatibus
751 1103 935 1194 corporum
964 1073 1219 1192 uniuersorum
1248 1077 1419 1164 habende
1438 1074 1545 1193 sunt.

249 1277 358 1359 Nam
389 1277 589 1386 qualitates
623 1297 833 1382 corporum
863 1299 943 1358 non
972 1273 1041 1356 nist
1067 1301 1135 1386 per
1165 1283 1426 1385 experimenta
1456 1262 1617 1360 innotes
1662 1259 1665 1266 ’

193 1415 313 1488 cunt,
352 1387 520 1504 ideoque
553 1393 747 1501 generales
776 1386 981 1476 statuendae
1009 1391 1094 1476 sunt
1127 1415 1323 1503 quotquot
1355 1425 1447 1478 curn
1474 1401 1626 1504 expeti.

193 1511 332 1592 mentis
362 1513 586 1621 generaliter
616 1502 831 1620 quadrante
870 1522 912 1595 δι
944 1540 1031 1621 quae
1063 1516 1187 1594 minui
1223 1541 1302 1595 non
1338 1507 1510 1625 possunt,
1540 1529 1652 1596 non'

195 1623 344 1738 possunt
371 1626 521 1712 auferri.
583 1627 701 1714 Certe
725 1653 864 1712 contra
888 1635 1240 1740 experimentorum
1273 1654 1452 1716 tenorem
1476 1630 1626 1714 somnia

196 1745 344 1828 temere
363 1742 623 1858 confingenda
641 1773 723 1828 non
742 1745 838 1847 sunt,
870 1777 944 1832 nee
965 1749 1147 1832 suaturae
1163 1751 1337 1862 analogia
1359 1743 1628 1833 recedendum·

196 1869 276 1962 tst,
306 1894 398 1947 cum
428 1894 474 1946 ea
500 1865 656 1974 simplex
679 1859 751 1948 esse
775 1868 894 1951 soleat
918 1879 959 1952 δι
987 1863 1054 1950 fibi
1077 1865 1223 1978 semper
1250 1867 1429 1954 consona.
1485 1873 1630 1956 Exten-

198 1987 251 2066 sro
285 2010 492 2094 corporum
526 2012 606 2066 non
641 1984 708 2065 nist
742 2009 809 2094 pet
845 1981 967 2068 sentin
1001 1985 1231 2082 innotescit,
1272 2017 1347 2070 nec
1381 1995 1421 2070 in
1445 1983 1635 2070 omnibus

200 2101 380 2184 sentitur:
427 2095 492 2182 sed
521 2110 611 2216 quia
640 2093 870 2186 sensibilibus
901 2101 1080 2188 omnibus
1104 2112 1321 2218 competit,
1364 2099 1414 2187 de
1446 2102 1634 2192 universrs

199 2221 422 2305 affirmatur.
484 2219 660 2330 Corpora
684 2223 791 2331 plura
820 2217 913 2304 dura
941 2215 1014 2304 elie
1041 2229 1269 2332 experimur.
1330 2227 1467 2308 Oritur
1492 2243 1627 2306 autem
1729 2281 1733 2290 .

201 2337 359 2421 durities
393 2341 558 2422 totiuss
590 2333 731 2421 duritie
765 2347 962 2451 partium,
1005 2351 1046 2424 br
1073 2335 1162 2422 inde
1188 2369 1274 2426 uon
1304 2340 1446 2422 horum
1476 2340 1635 2424 tantiam-

200 2482 521 2568 corporumque
552 2456 793 2554 sentiuntur,
825 2453 889 2540 scd
918 2461 1081 2541 aliorum
1108 2463 1226 2542 etiam
1258 2465 1435 2542 omnium
1459 2461 1628 2570 particu-

201 2579 256 2658 las
295 2569 470 2657 indivisas
513 2569 585 2658 elle
620 2571 733 2658 duras
769 2571 909 2658 merito
945 2571 1225 2664 concludimus.
1286 2579 1464 2688 Corpora
1494 2579 1628 2676 omnia

202 2693 505 2803 impenetrabilia
545 2687 617 2776 eise
658 2722 739 2778 non
784 2701 931 2776 ratione
972 2691 1038 2778 sed
1077 2694 1181 2778 sensu
1225 2699 1452 2808 colligimus.
1527 2697 1637 2800 Quat

202 2815 427 2908 tradamus,
458 2812 760 2922 impenetrabilia
787 2821 1044 2912 inveniuntur,
1075 2825 1116 2896 bc
1142 2809 1235 2898 inde
1257 2807 1524 2898 concludimus
1551 2818 1630 2894 irn-

203 2928 553 3047 penetrabilitatem
579 2925 652 3013 elle
676 2921 949 3040 proprietatem
980 2959 1188 3043 corporum
1215 2932 1487 3017 universorum.
1531 2929 1638 3012 cor.

204 3045 449 3162 pora‘omnia
473 3048 633 3132 mobiba
657 3043 742 3146 else,
774 3061 816 3134 bc
844 3049 986 3134 viribus
1013 3047 1238 3160 quibusdam
1269 3062 1383 3162 (quas
1409 3058 1509 3132 vites
1533 3055 1638 3130 iner-

207 3179 270 3253 tiae
301 3173 515 3263 vocamus)
546 3167 782 3278 perseverate
809 3173 849 3248 iu
876 3195 987 3253 motu
1011 3173 1075 3250 vel
1098 3177 1255 3279 quiete,
1292 3197 1341 3250 ex
1365 3167 1467 3250 hisce
1490 3193 1634 3276 corpo·

207 3315 293 3370 sum
335 3285 501 3370 visorum
541 3284 835 3396 proprietatibus
884 3289 1113 3397 colligimus.
1199 3289 1402 3383 Extcnsro,
1452 3281 1641 3382 durities.

208 3405 576 3516 impenetrabiliras,
615 3402 809 3485 mobilitas
844 3411 967 3488 &vis
995 3411 1144 3487 inertiae
1171 3411 1289 3485 totius
1324 3409 1444 3484 oritur
1479 3401 1528 3482 ab
1570 3429 1641 3484 exe

209 3523 410 3620 tensrone,
441 3519 606 3620 duritie,
638 3517 1019 3631 impenetrabilitate,
1063 3521 1279 3604 mobilitate
1309 3519 1510 3606 &viribus
1538 3515 1639 3603 incr.

209 3651 273 3726 tis:
303 3649 495 3754 partium:
534 3651 577 3726 bt
610 3634 703 3723 inde
743 3636 1009 3723 concludimus
1037 3667 1173 3721 omnes
1215 3647 1396 3724 omnium
1429 3663 1642 3748 corporum

213 3785 338 3866 partes
364 3765 543 3844 minimas
573 3752 729 3842 extendi
766 3771 807 3844 bc
837 3753 948 3840 duras
975 3752 1054 3840 eise·
1081 3772 1122 3842 δι
1151 3757 1526 3868 impenetrabiles&
1555 3784 1642 3840 mo-

122 3919 128 3930 ·
214 3877 310 3961 biles
346 3889 388 3962 bc
426 3879 573 3962 viribus·
610 3884 755 3960 inertie
787 3873 973 3989 praeditas.
1054 3881 1105 3960 Et
1136 3877 1214 3957 hoc
1255 3880 1307 3958 est
1346 3869 1646 3958 lund-amentum

214 3995 463 4108 pbilosophiae
487 4003 621 4081 totius
678 3999 799 4080 Porto
824 4019 1036 4104 corporum
1057 4016 1180 4108 partes
1206 3989 1343 4076 divisas
1358 4003 1398 4075 lle
1422 3991 1488 4073 srbi
1505 3993 1650 4073 murub·

216 4125 415 4221 contiguas
442 4115 493 4200 ab
523 4123 692 4198 invicem
721 4113 879 4226 separari
905 4109 1030 4224 polle,
1075 4141 1123 4196 ex
1153 4113 1415 4226 phaenomenis
1440 4119 1617 4190 novimus
1633 4167 1652 4206 r

216 4243 257 4317 bc
294 4259 419 4346 partes
458 4227 636 4318 indivisas
675 4241 716 4314 in
752 4259 876 4344 partes
926 4241 1094 4316 minores
1143 4238 1289 4313 ratione
1332 4224 1506 4340 distingui
1546 4219 1657 4338 posse·

219 4350 288 4452 lb)
318 4381 367 4436 cx
394 4349 670 4438 maurenasca
698 4373 848 4436 certum
877 4355 940 4437 est.
1000 4351 1150 4438 Utrum
1183 4349 1277 4431 verb
1319 4369 1446 4461 partes
1481 4347 1551 4427 illae
1575 4333 1651 4426 difi-

1325 4481 1326 4486 ’
1515 4467 1648 4546 tratre
1705 4516 1709 4524 =
1799 4539 1804 4552 .

253 4627 324 4704 (b)
364 4647 412 4704 50.
429 4629 515 4694 *Ex
531 4628 903 4707 mammaemammal.
960 4629 1079 4690 tradam
1099 4603 1164 4696 ,ιη’
1187 4643 1224 4686 es
1250 4618 1588 4710 ineurrrm'eusrrabilirare
1607 4619 1659 4684 lor

218 4705 484 4770 Demonstrarienes
508 4707 599 4786 paffim
626 4705 802 4780 reperiamur
833 4705 906 4784 apud
959 4706 1028 4769 reris
1053 4701 1317 4786 quadrsr'sdssius
1338 4703 1511 4778 Diagonalu
1534 4707 1598 4758 aa..

220 4801 273 4846 eos
290 4799 406 4846 aarum
429 4784 485 4864 uui
502 4789 538 4850 ds
561 4782 689 4846 materie
710 4779 911 4845 ditifiblliraro
