4380 5678
604 441 700 552 “332'
823 436 1168 526 Iunuistrrs
1215 433 1461 526 rntsret'
1512 444 1575 507 tu
1627 424 1860 510 causast-

618 570 706 643 adeo
728 587 878 666 pugnare
900 567 1098 650 videantur3
1121 563 1218 659 qudd
1235 558 1260 634 st
1279 564 1373 636 enim
1392 565 1480 632 inter
1501 556 1533 631 se
1552 555 1686 654 prorsus
1708 553 1943 640 convenirent,
1966 554 2048 630 theo·

621 671 672 741 ria
688 694 756 741 non
779 665 888 740 solum
908 690 978 738 non
1003 690 1044 738 eo
1068 662 1227 736 consensu
1250 658 1516 744 confirmaretur,
1542 656 1601 731 sed
1620 653 1736 754 potibs
1757 654 1900 728 omnino
1925 654 2047 732 subvet-

621 784 769 851 teretur,
795 767 874 839 cum
900 766 1044 862 quilibet
1066 760 1163 838 facile
1182 761 1340 859 agnoscat
1359 767 1403 837 ob
1425 784 1520 858 aquae
1540 760 1697 831 inertiam
1720 755 2048 832 determinationibus

540 927 544 934 .
623 869 785 943 exhibitis
813 869 988 962 ingentem
1008 865 1231 936 mutationem
1255 863 1372 936 inferri
1397 863 1528 936 debere.
1583 855 1675 946 Qua
1699 879 1811 929 autem
1836 881 1880 929 ex
1903 858 2047 932 dedudit

621 965 891 1044 conclusionibus
923 964 1070 1040 mmims
1093 967 1136 1037 ab
1158 962 1367 1061 experientis
1392 957 1621 1048 dissentiunt,
1655 953 1861 1058 ponffimum
1887 961 2047 1054 quantita·

624 1093 695 1144 rem
724 1067 920 1142 elevationis
950 1090 1046 1161 aquae
1066 1089 1105 1138 ac
1131 1065 1292 1161 temporis
1321 1084 1555 1146 momentum,
1588 1083 1659 1155 quo
1689 1081 1758 1131 tam
1787 1057 1915 1130 summa
1950 1055 2046 1132 Maris

622 1169 768 1244 elevatio
794 1168 900 1265 quam
922 1168 990 1238 ima
1013 1160 1390 1286 depreffiqcontingere
1411 1161 1506 1249 solet,
1531 1158 1721 1256 respiciunt.
1772 1155 1950 1256 Nusquam
1965 1163 2045 1233 enim

622 1272 684 1344 ubi
709 1271 849 1366 quidem
872 1265 969 1340 Mate
996 1263 1043 1339 est
1073 1266 1217 1339 liberum
1242 1287 1343 1362 atque
1370 1286 1524 1362 apertum
1549 1311 1561 1348 ,
1596 1283 1665 1332 tam
1691 1259 1856 1357 exiguum
1878 1259 2045 1336 discrimen

623 1372 712 1444 inter
738 1369 891 1442 Fluxum
911 1369 955 1438 ac'
968 1363 1159 1438 Relluxum
1179 1367 1216 1436 in
1235 1387 1330 1459 aquae
1348 1364 1526 1436 altitudine
1551 1359 1767 1448 observatur,
1792 1359 1891 1455 quale
1914 1362 1950 1436 in
1971 1387 2047 1460 prae⁴

619 1472 817 1544 cedentibus
850 1463 1095 1548 definivimus,
1134 1487 1278 1564 quatuor
1305 1464 1430 1537 ¹scilicet
1455 1463 1582 1560 pedum
1612 1483 1773 1544 tantums
1806 1483 1883 1558 quae
1912 1461 2046 1537 elevatio

620 1571 758 1669 insuper
782 1593 896 1644 tamen
918 1568 1065 1638 maxima
1083 1562 1129 1638 est
1156 1563 1386 1662 deprehensa,
1423 1590 1463 1638 ac
1486 1587 1560 1635 tum
1585 1560 1693 1633 solum
1713 1561 1882 1649 oriunda,
1919 1565 2045 1658 quando

622 1691 694 1743 tam
715 1671 812 1767 regio
832 1691 939 1766 prope
966 1677 1171 1761 oequatorem
1194 1663 1242 1739 est
1261 1661 1330 1750 fita,
1356 1665 1462 1762 quam
1480 1665 1569 1736 vires
1588 1661 1806 1736 luminarium
1824 1644 1966 1741 intessse
1985 1689 2047 1736 ma·

624 1770 717 1843 xime
753 1769 951 1868 conspirant.
1013 1764 1234 1864 Experientih
1268 1789 1414 1863 namque
1445 1761 1593 1852 constat,
1627 1761 1794 1859 plerisque
1829 1762 1994 1853 inlotis,
2025 1759 2046 1836 st

624 1869 721 1948 aestus
743 1873 918 1965 contingat
939 1867 1141 1954 maximus,
1176 1890 1298 1964 aquam
1325 1891 1397 1941 non
1421 1865 1531 1940 solum
1555 1865 1600 1945 ad
1625 1863 1839 1938 altitudinem
1858 1865 1966 1961 duplo
1987 1889 2047 1938 nn·

604 1973 755 2066 jurem,
780 1967 963 2044 sedetiam
988 1968 1228 2064 quadruplam,
1254 1968 1326 2040 imo
1350 1967 1520 2040 nonnullis
1546 1967 1582 2037 in
1601 1963 1682 2036 locis
1699 1967 1785 2038 adeo
1808 1965 1985 2063 decuplam
2003 1991 2047 2038 at-

625 2062 726 2160 tolli3
752 2093 946 2169 quanquam
966 2071 1038 2140 hac
1058 2069 1205 2143 enormis
1222 2068 1369 2142 elevatio
1388 2092 1458 2140 non
1477 2067 1537 2139 soli
1559 2067 1689 2138 inertia
1710 2089 1804 2161 aquae
1825 2117 1836 2153 ,
1869 2065 1926 2138 sed
1949 2069 2048 2140 maxi·

625 2195 715 2244 mam
739 2195 869 2270 partem
889 2170 1006 2242 vicino
1034 2171 1281 2242 continentiae
1306 2169 1460 2242 littorum
1483 2161 1559 2238 sttui
1581 2162 1629 2238 est
1653 2167 1853 2256 tribuenda,
1877 2168 1929 2238 uti
1947 2170 1983 2239 in
2004 2165 2047 2239 se·

625 2274 746 2368 quenti
766 2275 876 2367 capite
897 2263 1068 2341 clarillime
1090 2265 1336 2342 monstrabitur.
1388 2267 1526 2341 Deinde
1545 2267 1645 2342 etiam
1667 2268 1763 2361 qnod
1787 2269 1832 2338 ad
1856 2289 1986 2364 tempus
2006 2290 2047 2339 at·

625 2376 737 2456 tinet,
762 2368 927 2465 nusquam
949 2369 1015 2440 illis
1036 2365 1114 2462 iplis
1139 2371 1343 2457 momentis,
1369 2391 1445 2464 qua
1466 2363 1522 2440 alh
1570 2367 1731 2456 avimus,
1764 2365 1897 2444 Fluxus
1923 2394 1961 2440 ac
1985 2366 2048 2440 Re·

625 2469 914 2566 fluxusunquam
937 2468 1162 2564 contingunt,
1196 2467 1384 2544 necetiam
1405 2391 1652 2565 tempesdtibus
1672 2465 1729 2538 hlc
1752 2464 1903 2540 definitis
1927 2467 1959 2541 F
1961 2470 2048 2542 luxus

628 2573 769 2646 maximi
789 2569 846 2643 tel
867 2570 1022 2657 minimi,
1049 2565 1107 2640 sed
1130 2569 1268 2667 ubique
1282 2569 1409 2642 tardius
1430 2572 1568 2642 evenire
1599 2563 1785 2662 constanter
1816 2569 2049 2657 obstruantum

558 2739 563 2756 ,
628 2671 725 2764 cuius
755 2669 897 2766 quidem
924 2669 1157 2744 retardationis
1181 2667 1275 2746 ceuss
1298 2670 1336 2742 in
1362 2669 1435 2767 ipss
1456 2691 1552 2764 aquae
1580 2667 1702 2742 mertis
1723 2663 1838 2766 posita
1861 2665 1926 2744 elle
1952 2671 2049 2769 prins

626 2769 730 2846 stiam
755 2771 867 2845 lrorlre'
895 2769 1102 2870 perspicitur.

679 2875 712 2968 §-
740 2897 802 2972 72.
856 2867 1091 2960 Quantumvis
1119 2891 1233 2945 autem
1252 2872 1391 2968 agitatio
1418 2868 1524 2944 Maris
1547 2869 1584 2942 in
1604 2869 1870 2970 precedentibus
1898 2875 2050 2972 capitibus

565 3065 567 3072 Ι
627 2973 852 3050 determinata
874 2975 915 3046 ab
936 2970 1224 3046 observationibus
1245 2967 1431 3055 dissentiat,
1457 2996 1571 3046 tanen
1596 2973 1783 3070 complures
1808 2973 2078 3048 circumstantie·

625 3075 700 3150 see
725 3076 794 3170 jam
815 3077 1027 3172 praebuerunt
1049 3075 1264 3168 experientiae
1284 3094 1456 3169 tantopere
1482 3070 1736 3156 consentaneae,
1771 3096 1810 3145 ut
1824 3077 1974 3172 amplius
1991 3079 2049 3150 du·

625 3175 653 3252 b
701 3200 736 3251 te
754 3178 1150 3277 omninolnequeamus,
1175 3176 1260 3271 quin
1280 3175 1318 3248 in'
1343 3175 1473 3247 viribus
1493 3175 1609 3248 Solem
1632 3173 2051 3273 Lunamquerespicienti·

627 3275 694 3350 bus
714 3311 726 3366 ,
750 3299 834 3375 quas
857 3299 928 3348 non
950 3273 1077 3349 temere
1097 3271 1324 3359 alsumstmus,
1349 3273 1407 3348 sed
1426 3275 1560 3350 aliunde
1577 3271 1717 3351 existere
1742 3271 2051 3370 demonſtrauimus,

564 3460 565 3465 η
630 3401 713 3452 veta
738 3379 778 3464 δὲ,
802 3379 950 3474 genuina
972 3371 1066 3449 alifis
1090 3374 1196 3447 Maris
1216 3375 1311 3450 causa
1339 3379 1558 3450 contineatur.
1613 3377 1724 3453 'Hanc
1744 3380 1789 3449 ob
1810 3399 1883 3452 tem
1901 3379 1970 3472 jam
1986 3403 2054 3460 me,

576 3553 577 3556 ,
628 3477 697 3550 ‘rito
722 3477 877 3652 ruffini
902 3478 1004 3563 licet,
1043 3472 1256 3552 dilsenliones
1284 3478 1473 3573 quainter
1503 3479 1670 3553 theoriam
1695 3474 1860 3568 nostram,
1893 3503 2054 3576 quatenu

630 3601 750 3656 sama
837 3601 879 3650 tae
906 3572 1087 3674 hypothesi
1110 3575 1406 3673 superstruximus,
1432 3581 1471 3654 δι
1498 3581 1738 3678 experientiam
1760 3580 1993 3667 intercedunt,
2015 3584 2053 3656 ab

628 3701 727 3775 aquae
749 3677 872 3751 inertis
892 3675 1033 3774 aliisque
1054 3673 1327 3763 circumstantiis,
1352 3703 1498 3780 quarum
1525 3681 1652 3754 nullam
1676 3683 1980 3758 adhuc-tationem
1997 3685 2055 3755 ha·

628 3781 791 3868 buimus‚
817 3772 992 3876 proficisci.
1044 3773 1257 3868 Quocircasr
1278 3782 1392 3856 omnia
1401 3783 1536 3857 inertiae
1556 3785 1685 3856 ratione
1706 3783 1819 3857 habits
1838 3785 1882 3856 ad
1903 3784 2054 3858 observa«

625 3881 744 3954 mones
784 3879 924 3977 propius
952 3878 1110 3952 accedant
1122 3928 1134 3968 ‚
1177 3881 1216 3968 id
1250 3883 1390 3979 quidem
1417 3881 1537 3958 nostrae
1562 3887 1702 3959 theoriae
1732 3885 1919 3958 maxhnum
1944 3883 2055 3960 afferet

630 3975 906 4072 firmamentum,
931 4002 1031 4076 atque
1057 3974 1154 4052 simul
1176 4007 1294 4056 omnes
1321 3985 1399 4056 alias
1421 3985 1553 4077 causas,
1585 4009 1669 4083 quae⁴
1685 3989 1881 4084 prater-has
1901 3989 1959 4062 vel
1985 3985 2056 4060 sunt

512 4179 515 4188 Ι
629 4082 768 4180 prolatae
791 4081 847 4156 vel
876 4080 1020 4180 proferri
1050 4077 1208 4178 possunt,
1237 4087 1417 4178 excludet,
1453 4088 1625 4186 irritasque
1646 4089 1774 4163 te‘ddet.
1836 4086 1931 4162 cum
1953 4090 2056 4187 igimt

628 4183 828 4258 consensum
860 4183 960 4276 hujus
989 4183 1128 4256 theoriae
1146 4211 1235 4258 'tum
1259 4185 1531 4281 Phaenomenis,
1568 4213 1651 4262 mox
1687 4186 1788 4263 fimus
1814 4187 2057 4265 euidentilstmlr

628 4281 816 4400 ostensuri,
851 4279 1026 4380 quaellioni
1056 4286 1097 4358 ab
1121 4281 1257 4389 Inclyta
1285 4287 1473 4366 Academil
1498 4287 1675 4394 propositae
1693 4269 1743 4366 ix
1773 4285 1852 4364 asse'
1871 4287 2058 4367 satisfecille

618 4401 702 4496 pute
725 4387 824 4457 nobis
848 4387 1064 4460 videbimur:
1090 4387 1169 4460 clam
1184 4415 1255 4462 non
1277 4391 1384 4473 solum
1407 4395 1515 4468 'nullas
1536 4396 1626 4470 uitet
1652 4395 1864 4492 imaginarias
1886 4391 2060 4469 effinxerie

619 4506 721 4570 nnus,
746 4483 805 4558 sed
825 4489 927 4559 etiam
947 4488 1073 4558 virium
1093 4488 1229 4562 Lunam
1245 4491 1427 4590 Solemque
1448 4493 1696 4594 respicientium
1718 4493 1929 4569 existentiam
1951 4497 2061 4570 aliun-

618 4585 668 4668 de
692 4582 840 4656 ulands
865 4589 1075 4659 evicerimus.
1130 4585 1255 4688 Neque
1276 4594 1360 4665 verb
1384 4595 1421 4666 in
1444 4599 1511 4670 hoc
1531 4599 1670 4697 negotio
1690 4625 1769 4674 curn
1791 4595 1965 4694 plerisque
1986 4598 2062 4674 An·

514 4687 517 4692 r
616 4672 757 4787 'glottam
776 4686 820 4760 ad
840 4687 1021 4785 qualitates
1055 4689 1336 4786 occultassurnus
1365 4695 1511 4802 delapsa,
1545 4701 1667 4782 verum
1693 4704 1806 4806 potius
1828 4697 1965 4806 causam
1986 4697 2064 4776 ista-

1302 4839 1305 4844 '
1983 4817 2064 4886 lum
