4482 5658
651 467 787 545 ivus
884 523 889 542 ,.
1053 445 1688 532 INTR'ODUCTIO

654 592 748 671 sios.
769 585 880 678 undi,
906 585 951 660 ob
974 585 1091 660 datum
1104 583 1206 660 etiarn
1229 584 1393 682 angulum
1415 579 1550 672 AQT
1562 634 1574 672 ,
1599 584 1723 660 dantur
1744 603 1811 658 tres
1834 585 1950 685 anguli
1971 589 2077 662 trian-

655 693 730 788 guli
756 687 908 778 QAT,
932 689 1122 784 exquibus
1147 688 1244 760 datur
1269 686 1357 758 ratio
1384 683 1527 757 laterum
1547 687 1634 756 inter
1659 683 1701 757 se.
1760 685 1859 758 Hinc
1885 689 1963 759 dats
1995 687 2079 763 fide-

641 792 703 862 'tis
731 788 758 862 P
782 789 939 888 pntallsxi
962 786 1191 876 horizontali,
1230 781 1256 856 st
1288 785 1450 858 inseratur
1475 808 1514 858 ut
1545 781 1633 857 finus
1667 785 1870 882 parallexeos
1900 790 1944 859 ad
1971 785 2079 872 smum
2221 787 2222 860 l

656 911 791 975 totum,
829 888 878 962 iti
902 888 1146 962 semidiamettr
1179 886 1305 962 telluris
1329 883 1415 958 AT
1437 887 1481 958 td
1511 909 1669 980 quartum
1698 887 1904 972 obtinebitur
1926 885 2079 966 distantis

655 986 734 1066 PT
758 985 873 1068 stdetis
897 989 919 1068 i
945 1011 1061 1069 csntto
1082 1012 1178 1068 tettae
1204 992 1249 1066 ob
1271 986 1438 1092 sngltlum
1458 983 1581 1084 TAP
1604 984 1748 1081 selinon

654 3097 660 3106 ’
695 3127 760 3207 32·
814 3109 916 3186 Sinus
938 3107 1149 3208 parallatson
1171 3104 1317 3181 fiderunt
1340 3103 1378 3194 Q
1405 3103 1445 3178 δι
1464 3129 1487 3200 q
1507 3103 1544 3177 in
1572 3099 1756 3200 aequalibus
1778 3095 1941 3175 distantiis
1964 3113 2071 3206 appo·

644 3213 794 3284 tentibus
817 3211 839 3284 *a
861 3213 1012 3298 vertice,
1036 3207 1113 3281 sunt
1138 3211 1175 3280 in
1194 3209 1323 3280 ratione
1340 3204 1511 3302 reciproci
1533 3201 1765 3278 distantiarum
1787 3199 1931 3278 siderum
1950 3205 1970 3278 it
1992 3231 2070 3280 cen·

644 3331 698 3381 tto
723 3334 828 3384 tetrae.
880 3309 1021 3385 Etenim
1042 3334 1081 3382 ut
1108 3306 1196 3382 finus
1244 3309 1424 3380 trallaxeos
1442 3305 1479 3378 A
1492 3302 1590 3393 QT,
1615 3306 1658 3381 td
1677 3299 1787 3375 finum
1806 3303 1922 3400 anguli
1943 3304 2068 3392 ZAV,

642 3407 690 3481 ita
710 3409 757 3483 est
784 3409 866 3484 AT
889 3412 933 3483 ad
957 3408 1041 3500 QT
1063 3412 1102 3483 dt
1140 3433 1179 3482 ut
1210 3333 1300 3480 linus
1326 3407 1442 3502 anguli
1478 3399 1629 3491 ZAV,
1660 3405 1704 3476 ad
1730 3399 1839 3476 finum
1863 3405 2068 3500 parallaneos

640 3504 782 3604 AqT‚
807 3510 856 3579 iti
884 3509 951 3604 qT
977 3511 1021 3580 ad
1045 3505 1152 3591 AT,
1190 3509 1337 3602 idedque
1363 3531 1407 3578 ex
1434 3528 1559 3600 atquo,
1594 3499 1682 3576 stnus
1707 3505 1912 3600 parallaxeos
1932 3503 2067 3594 AQT

638 3603 689 3677 est
713 3609 756 3678 ad
780 3602 890 3680 finum
912 3609 1115 3705 parallaxeos
1141 3604 1257 3702 an
1278 3628 1317 3680 ut
1336 3603 1406 3700 qT
1435 3608 1478 3677 ad
1498 3603 1592 3696 QT.
1654 3603 1710 3676 Ex
1736 3627 1808 3700 quo
1831 3606 1933 3677 etiam
1955 3605 2068 3702 sequi⁴

637 3727 695 3778 tut
720 3703 865 3780 fiderutn
884 3711 921 3782 in
944 3709 1063 3782 eidem
1089 3707 1266 3780 altitudine
1288 3716 1468 3802 apparentis
1498 3701 1736 3788 existentium,
1768 3706 1868 3800 hujus
1901 3705 2066 3798 majorem

637 3803 704 3878 else
723 3809 918 3904 parallaxim
940 3810 1036 3906 quod
1059 3807 1173 3879 minus
1197 3805 1294 3880 distat
1319 3807 1340 3880 it
1363 3830 1478 3878 centro
1496 3830 1600 3879 terrae.

688 3933 751 4006 33.
804 3909 982 3982 Parallaxis
1005 3909 1218 3994 altitudinis,
1243 3909 1294 3980 uti
1320 3909 1363 3980 de
1383 3905 1585 3979 refrassione
1604 3905 1737 3980 diuum
1762 3904 1830 3996 est,
1858 3904 1971 3982 fiderit
2003 3911 2066 3984 de·

637 4004 853 4084 clinationem
865 4061 878 4098 ,
911 4005 1133 4083 ascenstonem
1156 4006 1310 4098 tediatus
1341 4007 1593 4102 longitudinem
1624 4011 1663 4083 δι
1699 4009 1911 4083 latitudinem
1935 4031 2067 4096 ntutat3

635 4107 677 4178 Bt
698 4113 819 4182 eodem
839 4113 944 4182 modo
966 4134 1037 4206 quo
1055 4133 1098 4182 ex
1120 4107 1320 4180 refrattione
1344 4107 1530 4180 altitudinis
1549 4107 1770 4182 inveniuntur
1789 4111 1861 4182 aliae
1884 4109 2064 4184 toftaslio·

478 4249 486 4263 ·
633 4225 719 4278 num
741 4209 883 4306 species,
909 4207 954 4281 fic
978 4235 1021 4282 ex
1048 4209 1126 4280 datd
1157 4207 1314 4304 parallaxi
1338 4207 1524 4279 altitudinis
1557 4231 1720 4282 eruuntur
1750 4213 1932 4305 parallaxes
1961 4213 2067 4284 decli·

632 4310 805 4398 nationis,
829 4307 1024 4382 ascensionis
1048 4309 1164 4392 retu,
1190 4309 1414 4404 longitudinis
1438 4309 1478 4380 dt
1504 4308 1714 4392 latitudinis3
1740 4313 1825 4382 iilud
1846 4335 1985 4408 quoque
2003 4315 2064 4384 ob-

631 4405 840 4489 servandum
858 4408 906 4481 est
932 4407 1045 4484 fiderit
1070 4411 1107 4482 in
1134 4409 1321 4481 meridiano
1344 4405 1513 4482 existentis
1539 4409 1664 4481 nullam
1696 4407 1761 4484 effe
1787 4408 1983 4486 ascensionis
2006 4437 2064 4486 re·

631 4503 695 4578 &ae
731 4509 967 4583 refractionem
990 4535 1053 4583 nec
1076 4510 1292 4606 parallaxint3
1334 4533 1412 4580 cum
1447 4510 1539 4580 enim
1562 4510 1748 4582 altitudinis
1784 4511 1942 4584 tefradlio
1971 4509 2063 4585 stdus

628 4607 757 4686 ¹attollat
767 4657 782 4702 ,
817 4611 1069 4690 &altitudinis
1104 4607 1280 4708 psallatis
1305 4607 1392 4688 illud
1417 4609 1617 4706 deptimst,
1650 4611 1687 4685 in
1720 4613 1842 4688 eodem
1872 4613 2067 4706 meridiano

2005 4713 2065 4792 seu
