<?xml version="1.0" encoding="UTF-8"?>
<!DOCTYPE html PUBLIC "-//W3C//DTD XHTML 1.0 Transitional//EN"
    "http://www.w3.org/TR/xhtml1/DTD/xhtml1-transitional.dtd">
<html xmlns="http://www.w3.org/1999/xhtml" xml:lang="en" lang="en">
 <head>
  <title>
</title>
<meta http-equiv="Content-Type" content="text/html;charset=utf-8" />
  <meta name='ocr-system' content='tesseract 3.04.00' />
  <meta name='ocr-capabilities' content='ocr_page ocr_carea ocr_par ocr_line ocrx_word'/>
</head>
<body>
  <div class='ocr_page' id='page_1' title='image "./philosophiaenat00jacqgoog/philosophiaenat00jacqgoog_0387.png"; bbox 0 0 4354 5678; ppageno 0'>
   <div class='ocr_carea' id='block_1_1' title="bbox 595 408 1946 540">
    <p class='ocr_par' dir='ltr' id='par_1_1' title="bbox 595 408 1946 540">
     <span class='ocr_line' id='line_1_1' title="bbox 595 408 1946 540; baseline -0.013 -37"><span class='ocrx_word' id='word_1_1' title='bbox 595 417 680 540; x_wconf 66' lang='lat'>343</span> <span class='ocrx_word' id='word_1_2' title='bbox 788 417 1150 510; x_wconf 74' lang='lat' dir='ltr'>‘Iuturrrrro&#39;</span> <span class='ocrx_word' id='word_1_3' title='bbox 1200 408 1448 494; x_wconf 73' lang='lat' dir='ltr'>Persica·</span> <span class='ocrx_word' id='word_1_4' title='bbox 1496 434 1556 498; x_wconf 79' lang='lat' dir='ltr'>rr</span> <span class='ocrx_word' id='word_1_5' title='bbox 1605 437 1829 510; x_wconf 68' lang='lat' dir='ltr'>crem</span> <span class='ocrx_word' id='word_1_6' title='bbox 1941 475 1946 486; x_wconf 94' lang='lat'><em>.</em></span> 
     </span>
    </p>
   </div>
   <div class='ocr_carea' id='block_1_2' title="bbox 543 537 2156 4844">
    <p class='ocr_par' dir='ltr' id='par_1_2' title="bbox 543 537 2038 2158">
     <span class='ocr_line' id='line_1_2' title="bbox 600 537 2037 650; baseline -0.003 -24"><span class='ocrx_word' id='word_1_7' title='bbox 600 550 668 630; x_wconf 87' lang='lat' dir='ltr'>smt</span> <span class='ocrx_word' id='word_1_8' title='bbox 687 547 840 646; x_wconf 78' lang='lat' dir='ltr'>maiores.</span> <span class='ocrx_word' id='word_1_9' title='bbox 892 547 1014 646; x_wconf 84' lang='lat' dir='ltr'>Atque</span> <span class='ocrx_word' id='word_1_10' title='bbox 1034 547 1102 618; x_wconf 90' lang='lat' dir='ltr'>hoc</span> <span class='ocrx_word' id='word_1_11' title='bbox 1124 539 1235 642; x_wconf 83' lang='lat' dir='ltr'>ipsum</span> <span class='ocrx_word' id='word_1_12' title='bbox 1256 543 1463 640; x_wconf 79' lang='lat' dir='ltr'>experientia</span> <span class='ocrx_word' id='word_1_13' title='bbox 1485 537 1663 620; x_wconf 80' lang='lat' dir='ltr'>confirmat</span> <span class='ocrx_word' id='word_1_14' title='bbox 1672 597 1685 636; x_wconf 91' lang='lat'>,</span> <span class='ocrx_word' id='word_1_15' title='bbox 1710 553 1781 650; x_wconf 76' lang='lat' dir='ltr'>qni</span> <span class='ocrx_word' id='word_1_16' title='bbox 1795 550 1924 634; x_wconf 63' lang='lat' dir='ltr'>maffia</span> <span class='ocrx_word' id='word_1_17' title='bbox 1943 551 2037 632; x_wconf 66' lang='lat' dir='ltr'>afim</span> 
     </span>
     <span class='ocr_line' id='line_1_3' title="bbox 598 643 2037 754; baseline 0.006 -30"><span class='ocrx_word' id='word_1_18' title='bbox 598 653 763 746; x_wconf 77' lang='lat' dir='ltr'>maiores,</span> <span class='ocrx_word' id='word_1_19' title='bbox 797 651 858 746; x_wconf 87' lang='lat' dir='ltr'>qui</span> <span class='ocrx_word' id='word_1_20' title='bbox 884 652 971 722; x_wconf 90' lang='lat' dir='ltr'>circa</span> <span class='ocrx_word' id='word_1_21' title='bbox 1000 645 1176 719; x_wconf 84' lang='lat' dir='ltr'>novilunia</span> <span class='ocrx_word' id='word_1_22' title='bbox 1209 669 1249 718; x_wconf 87' lang='lat' dir='ltr'>ac</span> <span class='ocrx_word' id='word_1_23' title='bbox 1279 643 1464 742; x_wconf 86' lang='lat' dir='ltr'>plenilunia</span> <span class='ocrx_word' id='word_1_24' title='bbox 1489 647 1693 741; x_wconf 88' lang='lat' dir='ltr'>contingunt</span> <span class='ocrx_word' id='word_1_25' title='bbox 1703 701 1716 732; x_wconf 85' lang='lat'>·,</span> <span class='ocrx_word' id='word_1_26' title='bbox 1752 657 1879 730; x_wconf 81' lang='lat' dir='ltr'>tsrdiias</span> <span class='ocrx_word' id='word_1_27' title='bbox 1905 656 2037 754; x_wconf 82' lang='lat' dir='ltr'>insequi</span> 
     </span>
     <span class='ocr_line' id='line_1_4' title="bbox 600 741 2038 852; baseline 0.003 -25"><span class='ocrx_word' id='word_1_28' title='bbox 600 749 778 827; x_wconf 73' lang='lat' dir='ltr'>transitum</span> <span class='ocrx_word' id='word_1_29' title='bbox 797 751 905 824; x_wconf 82' lang='lat' dir='ltr'>Lunae</span> <span class='ocrx_word' id='word_1_30' title='bbox 928 774 988 847; x_wconf 90' lang='lat' dir='ltr'>per</span> <span class='ocrx_word' id='word_1_31' title='bbox 1008 747 1247 833; x_wconf 88' lang='lat' dir='ltr'>meridianum,</span> <span class='ocrx_word' id='word_1_32' title='bbox 1272 743 1376 842; x_wconf 77' lang='lat' dir='ltr'>quim</span> <span class='ocrx_word' id='word_1_33' title='bbox 1389 741 1485 818; x_wconf 78' lang='lat' dir='ltr'>aestut</span> <span class='ocrx_word' id='word_1_34' title='bbox 1507 749 1668 834; x_wconf 86' lang='lat' dir='ltr'>minores,</span> <span class='ocrx_word' id='word_1_35' title='bbox 1700 755 1761 846; x_wconf 89' lang='lat' dir='ltr'>qni</span> <span class='ocrx_word' id='word_1_36' title='bbox 1785 757 1872 830; x_wconf 84' lang='lat' dir='ltr'>circs</span> <span class='ocrx_word' id='word_1_37' title='bbox 1896 761 2038 852; x_wconf 85' lang='lat' dir='ltr'>quadra·</span> 
     </span>
     <span class='ocr_line' id='line_1_5' title="bbox 603 845 2036 946; baseline -0.003 -24"><span class='ocrx_word' id='word_1_38' title='bbox 603 875 694 928; x_wconf 79' lang='lat' dir='ltr'>tetras</span> <span class='ocrx_word' id='word_1_39' title='bbox 727 853 940 946; x_wconf 86' lang='lat' dir='ltr'>contingunt.</span> <span class='ocrx_word' id='word_1_40' title='bbox 1006 845 1100 921; x_wconf 79' lang='lat' dir='ltr'>cam</span> <span class='ocrx_word' id='word_1_41' title='bbox 1120 846 1212 922; x_wconf 84' lang='lat' dir='ltr'>enirn</span> <span class='ocrx_word' id='word_1_42' title='bbox 1237 845 1338 918; x_wconf 91' lang='lat' dir='ltr'>Luna</span> <span class='ocrx_word' id='word_1_43' title='bbox 1356 846 1393 916; x_wconf 92' lang='lat' dir='ltr'>in</span> <span class='ocrx_word' id='word_1_44' title='bbox 1415 847 1626 940; x_wconf 89' lang='lat' dir='ltr'>quadraturis</span> <span class='ocrx_word' id='word_1_45' title='bbox 1654 851 1787 926; x_wconf 83' lang='lat' dir='ltr'>circiter</span> <span class='ocrx_word' id='word_1_46' title='bbox 1807 857 1834 930; x_wconf 88' lang='lat'>6</span> <span class='ocrx_word' id='word_1_47' title='bbox 1858 859 1951 930; x_wconf 87' lang='lat' dir='ltr'>horis</span> <span class='ocrx_word' id='word_1_48' title='bbox 1973 882 2036 931; x_wconf 86' lang='lat' dir='ltr'>tar.</span> 
     </span>
     <span class='ocr_line' id='line_1_6' title="bbox 598 944 2038 1056; baseline 0.001 -28"><span class='ocrx_word' id='word_1_49' title='bbox 598 953 683 1028; x_wconf 77' lang='lat' dir='ltr'>dids</span> <span class='ocrx_word' id='word_1_50' title='bbox 714 950 867 1056; x_wconf 70' lang='lat' dir='ltr'>respediu</span> <span class='ocrx_word' id='word_1_51' title='bbox 897 948 986 1024; x_wconf 88' lang='lat' dir='ltr'>Solis</span> <span class='ocrx_word' id='word_1_52' title='bbox 1019 972 1079 1044; x_wconf 87' lang='lat' dir='ltr'>per</span> <span class='ocrx_word' id='word_1_53' title='bbox 1103 947 1328 1020; x_wconf 89' lang='lat' dir='ltr'>meridianum</span> <span class='ocrx_word' id='word_1_54' title='bbox 1353 944 1516 1028; x_wconf 65' lang='lat' dir='ltr'>transm,</span> <span class='ocrx_word' id='word_1_55' title='bbox 1549 945 1655 1043; x_wconf 76' lang='lat' dir='ltr'>qu&#39;am</span> <span class='ocrx_word' id='word_1_56' title='bbox 1674 951 1711 1022; x_wconf 92' lang='lat' dir='ltr'>in</span> <span class='ocrx_word' id='word_1_57' title='bbox 1731 951 1906 1052; x_wconf 75' lang='lat' dir='ltr'>syzygiis,</span> <span class='ocrx_word' id='word_1_58' title='bbox 1935 957 2038 1032; x_wconf 63' lang='lat' dir='ltr'>astus</span> 
     </span>
     <span class='ocr_line' id='line_1_7' title="bbox 600 1045 2032 1148; baseline 0.004 -23"><span class='ocrx_word' id='word_1_59' title='bbox 600 1075 722 1126; x_wconf 75' lang='lat' dir='ltr'>¹tamen</span> <span class='ocrx_word' id='word_1_60' title='bbox 747 1075 818 1123; x_wconf 90' lang='lat' dir='ltr'>nnn</span> <span class='ocrx_word' id='word_1_61' title='bbox 839 1053 863 1126; x_wconf 87' lang='lat'><em>6</em></span> <span class='ocrx_word' id='word_1_62' title='bbox 883 1051 976 1122; x_wconf 90' lang='lat' dir='ltr'>horis</span> <span class='ocrx_word' id='word_1_63' title='bbox 999 1047 1154 1134; x_wconf 77' lang='lat' dir='ltr'>tardius,</span> <span class='ocrx_word' id='word_1_64' title='bbox 1180 1045 1237 1118; x_wconf 87' lang='lat' dir='ltr'>sed</span> <span class='ocrx_word' id='word_1_65' title='bbox 1257 1067 1388 1118; x_wconf 90' lang='lat' dir='ltr'>tantum</span> <span class='ocrx_word' id='word_1_66' title='bbox 1407 1048 1538 1122; x_wconf 88' lang='lat' dir='ltr'>circiter</span> <span class='ocrx_word' id='word_1_67' title='bbox 1558 1069 1576 1146; x_wconf 91' lang='lat'><em>5</em></span> <span class='ocrx_word' id='word_1_68' title='bbox 1602 1052 1730 1148; x_wconf 54' lang='lat' dir='ltr'>{horis</span> <span class='ocrx_word' id='word_1_69' title='bbox 1751 1056 1880 1128; x_wconf 78' lang='lat' dir='ltr'>tardius</span> <span class='ocrx_word' id='word_1_70' title='bbox 1903 1059 2032 1131; x_wconf 89' lang='lat' dir='ltr'>accidit.</span> 
     </span>
     <span class='ocr_line' id='line_1_8' title="bbox 607 1153 2035 1272; baseline 0 -39"><span class='ocrx_word' id='word_1_71' title='bbox 607 1155 757 1234; x_wconf 81' lang='lat' dir='ltr'>Videtur</span> <span class='ocrx_word' id='word_1_72' title='bbox 776 1159 861 1234; x_wconf 83' lang='lat' dir='ltr'>verd</span> <span class='ocrx_word' id='word_1_73' title='bbox 880 1158 981 1230; x_wconf 88' lang='lat' dir='ltr'>etiam</span> <span class='ocrx_word' id='word_1_74' title='bbox 1009 1154 1178 1240; x_wconf 77' lang='lat' dir='ltr'>oriculus,</span> <span class='ocrx_word' id='word_1_75' title='bbox 1206 1153 1266 1247; x_wconf 92' lang='lat' dir='ltr'>qui</span> <span class='ocrx_word' id='word_1_76' title='bbox 1285 1177 1348 1251; x_wconf 88' lang='lat' dir='ltr'>pro</span> <span class='ocrx_word' id='word_1_77' title='bbox 1369 1175 1511 1250; x_wconf 88' lang='lat' dir='ltr'>utraque</span> <span class='ocrx_word' id='word_1_78' title='bbox 1531 1157 1568 1226; x_wconf 85' lang='lat' dir='ltr'>vi</span> <span class='ocrx_word' id='word_1_79' title='bbox 1590 1157 2035 1272; x_wconf 51' lang='lat' dir='ltr'>Solisff&#39;Lunaeceniun-</span> 
     </span>
     <span class='ocr_line' id='line_1_9' title="bbox 607 1251 2035 1356; baseline 0.001 -23"><span class='ocrx_word' id='word_1_80' title='bbox 607 1257 693 1333; x_wconf 73' lang='lat' dir='ltr'>siim</span> <span class='ocrx_word' id='word_1_81' title='bbox 719 1255 847 1332; x_wconf 84' lang='lat' dir='ltr'>institui</span> <span class='ocrx_word' id='word_1_82' title='bbox 874 1253 982 1355; x_wconf 86' lang='lat' dir='ltr'>potest</span> <span class='ocrx_word' id='word_1_83' title='bbox 1010 1251 1108 1326; x_wconf 80' lang='lat' dir='ltr'>finili</span> <span class='ocrx_word' id='word_1_84' title='bbox 1134 1253 1259 1334; x_wconf 88' lang='lat' dir='ltr'>modo,</span> <span class='ocrx_word' id='word_1_85' title='bbox 1294 1275 1365 1348; x_wconf 90' lang='lat' dir='ltr'>quo</span> <span class='ocrx_word' id='word_1_86' title='bbox 1389 1263 1451 1350; x_wconf 83' lang='lat' dir='ltr'>pro</span> <span class='ocrx_word' id='word_1_87' title='bbox 1477 1253 1602 1328; x_wconf 74' lang='lat' dir='ltr'>selavi</span> <span class='ocrx_word' id='word_1_88' title='bbox 1627 1255 1735 1330; x_wconf 84' lang='lat' dir='ltr'>Lunae</span> <span class='ocrx_word' id='word_1_89' title='bbox 1757 1258 1927 1347; x_wconf 85' lang='lat' dir='ltr'>fecirnns,</span> <span class='ocrx_word' id='word_1_90' title='bbox 1951 1255 2035 1356; x_wconf 85' lang='lat' dir='ltr'>ejus·</span> 
     </span>
     <span class='ocr_line' id='line_1_10' title="bbox 609 1349 2033 1451; baseline 0.002 -19"><span class='ocrx_word' id='word_1_91' title='bbox 609 1349 708 1433; x_wconf 84' lang='lat' dir='ltr'>modi</span> <span class='ocrx_word' id='word_1_92' title='bbox 731 1359 991 1434; x_wconf 77' lang='lat' dir='ltr'>retardationem</span> <span class='ocrx_word' id='word_1_93' title='bbox 1014 1355 1176 1447; x_wconf 80' lang='lat' dir='ltr'>majorem</span> <span class='ocrx_word' id='word_1_94' title='bbox 1197 1354 1233 1424; x_wconf 91' lang='lat' dir='ltr'>in</span> <span class='ocrx_word' id='word_1_95' title='bbox 1255 1351 1409 1450; x_wconf 78' lang='lat' dir='ltr'>syzygiis</span> <span class='ocrx_word' id='word_1_96' title='bbox 1431 1355 1536 1450; x_wconf 80' lang='lat' dir='ltr'>quim</span> <span class='ocrx_word' id='word_1_97' title='bbox 1562 1356 1599 1426; x_wconf 92' lang='lat' dir='ltr'>in</span> <span class='ocrx_word' id='word_1_98' title='bbox 1624 1359 1836 1451; x_wconf 79' lang='lat' dir='ltr'>quadraturis</span> <span class='ocrx_word' id='word_1_99' title='bbox 1861 1363 2033 1450; x_wconf 85' lang='lat' dir='ltr'>indicare,</span> 
     </span>
     <span class='ocr_line' id='line_1_11' title="bbox 608 1449 2032 1552; baseline -0.002 -16"><span class='ocrx_word' id='word_1_100' title='bbox 608 1449 738 1536; x_wconf 76' lang='lat' dir='ltr'>etiamsi</span> <span class='ocrx_word' id='word_1_101' title='bbox 754 1483 834 1539; x_wconf 89' lang='lat' dir='ltr'>eum</span> <span class='ocrx_word' id='word_1_102' title='bbox 855 1459 901 1530; x_wconf 90' lang='lat' dir='ltr'>ob</span> <span class='ocrx_word' id='word_1_103' title='bbox 920 1455 1063 1532; x_wconf 75' lang='lat' dir='ltr'>flammas</span> <span class='ocrx_word' id='word_1_104' title='bbox 1085 1451 1297 1526; x_wconf 85' lang='lat' dir='ltr'>diffictdtates</span> <span class='ocrx_word' id='word_1_105' title='bbox 1321 1449 1490 1526; x_wconf 88' lang='lat' dir='ltr'>adfinem</span> <span class='ocrx_word' id='word_1_106' title='bbox 1511 1459 1693 1552; x_wconf 79' lang='lat' dir='ltr'>perducere</span> <span class='ocrx_word' id='word_1_107' title='bbox 1715 1481 1785 1530; x_wconf 90' lang='lat' dir='ltr'>non</span> <span class='ocrx_word' id='word_1_108' title='bbox 1807 1455 2032 1550; x_wconf 79' lang='lat' dir='ltr'>valuerimus3</span> 
     </span>
     <span class='ocr_line' id='line_1_12' title="bbox 608 1548 2032 1657; baseline 0.003 -25"><span class='ocrx_word' id='word_1_109' title='bbox 608 1561 747 1634; x_wconf 87' lang='lat' dir='ltr'>interim</span> <span class='ocrx_word' id='word_1_110' title='bbox 761 1581 874 1632; x_wconf 89' lang='lat' dir='ltr'>tamen</span> <span class='ocrx_word' id='word_1_111' title='bbox 897 1557 972 1634; x_wconf 86' lang='lat' dir='ltr'>satir</span> <span class='ocrx_word' id='word_1_112' title='bbox 995 1557 1131 1654; x_wconf 86' lang='lat' dir='ltr'>planum</span> <span class='ocrx_word' id='word_1_113' title='bbox 1150 1548 1197 1622; x_wconf 84' lang='lat' dir='ltr'>est</span> <span class='ocrx_word' id='word_1_114' title='bbox 1210 1553 1410 1648; x_wconf 84' lang='lat' dir='ltr'>praecipuam</span> <span class='ocrx_word' id='word_1_115' title='bbox 1429 1553 1500 1646; x_wconf 81' lang='lat' dir='ltr'>ejus</span> <span class='ocrx_word' id='word_1_116' title='bbox 1515 1555 1644 1628; x_wconf 89' lang='lat' dir='ltr'>causam</span> <span class='ocrx_word' id='word_1_117' title='bbox 1662 1560 1701 1628; x_wconf 92' lang='lat' dir='ltr'>in</span> <span class='ocrx_word' id='word_1_118' title='bbox 1719 1559 1793 1654; x_wconf 75' lang='lat' dir='ltr'>ipsi</span> <span class='ocrx_word' id='word_1_119' title='bbox 1806 1564 1927 1632; x_wconf 73' lang='lat' dir='ltr'>natura</span> <span class='ocrx_word' id='word_1_120' title='bbox 1940 1585 2032 1657; x_wconf 78' lang='lat' dir='ltr'>aqua</span> 
     </span>
     <span class='ocr_line' id='line_1_13' title="bbox 609 1651 2033 1756; baseline 0.001 -24"><span class='ocrx_word' id='word_1_121' title='bbox 609 1651 677 1738; x_wconf 71' lang='lat' dir='ltr'>ede</span> <span class='ocrx_word' id='word_1_122' title='bbox 695 1660 920 1756; x_wconf 78' lang='lat' dir='ltr'>quaerendam.</span> <span class='ocrx_word' id='word_1_123' title='bbox 986 1655 1072 1730; x_wconf 81' lang='lat' dir='ltr'>Hac</span> <span class='ocrx_word' id='word_1_124' title='bbox 1093 1675 1205 1727; x_wconf 89' lang='lat' dir='ltr'>autem</span> <span class='ocrx_word' id='word_1_125' title='bbox 1222 1652 1318 1724; x_wconf 82' lang='lat' dir='ltr'>allata</span> <span class='ocrx_word' id='word_1_126' title='bbox 1343 1655 1428 1726; x_wconf 90' lang='lat' dir='ltr'>ratio</span> <span class='ocrx_word' id='word_1_127' title='bbox 1447 1657 1678 1728; x_wconf 86' lang='lat' dir='ltr'>retardationis</span> <span class='ocrx_word' id='word_1_128' title='bbox 1702 1656 1949 1733; x_wconf 84' lang='lat' dir='ltr'>iaFlatnsiedio</span> <span class='ocrx_word' id='word_1_129' title='bbox 1966 1687 2033 1734; x_wconf 90' lang='lat' dir='ltr'>rna·</span> 
     </span>
     <span class='ocr_line' id='line_1_14' title="bbox 543 1752 2032 1860; baseline 0 -26"><span class='ocrx_word' id='word_1_130' title='bbox 543 1759 554 1771; x_wconf 84' lang='grc'><strong>”</strong></span> <span class='ocrx_word' id='word_1_131' title='bbox 609 1759 703 1834; x_wconf 73' lang='lat' dir='ltr'>xime</span> <span class='ocrx_word' id='word_1_132' title='bbox 722 1761 907 1860; x_wconf 84' lang='lat' dir='ltr'>probatur,</span> <span class='ocrx_word' id='word_1_133' title='bbox 939 1763 1068 1856; x_wconf 83' lang='lat' dir='ltr'>quippe</span> <span class='ocrx_word' id='word_1_134' title='bbox 1092 1754 1153 1850; x_wconf 88' lang='lat' dir='ltr'>qui</span> <span class='ocrx_word' id='word_1_135' title='bbox 1170 1752 1361 1826; x_wconf 85' lang='lat' dir='ltr'>observavit</span> <span class='ocrx_word' id='word_1_136' title='bbox 1380 1755 1561 1827; x_wconf 82' lang='lat' dir='ltr'>maxirnam</span> <span class='ocrx_word' id='word_1_137' title='bbox 1585 1759 1846 1832; x_wconf 85' lang='lat' dir='ltr'>retardationem</span> <span class='ocrx_word' id='word_1_138' title='bbox 1873 1785 1945 1831; x_wconf 91' lang='lat' dir='ltr'>non</span> <span class='ocrx_word' id='word_1_139' title='bbox 1967 1787 2032 1834; x_wconf 88' lang='lat' dir='ltr'>tam</span> 
     </span>
     <span class='ocr_line' id='line_1_15' title="bbox 610 1855 2031 1968; baseline -0.003 -32"><span class='ocrx_word' id='word_1_140' title='bbox 610 1857 765 1968; x_wconf 81' lang='lat' dir='ltr'>syzygiis</span> <span class='ocrx_word' id='word_1_141' title='bbox 798 1860 1039 1946; x_wconf 88' lang='lat' dir='ltr'>luminarium,</span> <span class='ocrx_word' id='word_1_142' title='bbox 1072 1875 1184 1950; x_wconf 87' lang='lat' dir='ltr'>neque</span> <span class='ocrx_word' id='word_1_143' title='bbox 1206 1855 1380 1927; x_wconf 80' lang='lat' dir='ltr'>minimam</span> <span class='ocrx_word' id='word_1_144' title='bbox 1413 1857 1624 1952; x_wconf 82' lang='lat' dir='ltr'>quadraturis</span> <span class='ocrx_word' id='word_1_145' title='bbox 1648 1857 1872 1956; x_wconf 88' lang='lat' dir='ltr'>respondere,</span> <span class='ocrx_word' id='word_1_146' title='bbox 1907 1859 1967 1934; x_wconf 89' lang='lat' dir='ltr'>sed</span> <span class='ocrx_word' id='word_1_147' title='bbox 1992 1865 2031 1934; x_wconf 89' lang='lat' dir='ltr'>iis</span> 
     </span>
     <span class='ocr_line' id='line_1_16' title="bbox 607 1951 2032 2058; baseline 0.004 -28"><span class='ocrx_word' id='word_1_148' title='bbox 607 1955 882 2057; x_wconf 85' lang='lat' dir='ltr'>tempestatibus,</span> <span class='ocrx_word' id='word_1_149' title='bbox 908 1961 1032 2055; x_wconf 86' lang='lat' dir='ltr'>quibus</span> <span class='ocrx_word' id='word_1_150' title='bbox 1055 1952 1151 2032; x_wconf 79' lang='lat' dir='ltr'>astus</span> <span class='ocrx_word' id='word_1_151' title='bbox 1174 1953 1299 2028; x_wconf 86' lang='lat' dir='ltr'>soleant</span> <span class='ocrx_word' id='word_1_152' title='bbox 1317 1951 1382 2028; x_wconf 81' lang='lat' dir='ltr'>esse</span> <span class='ocrx_word' id='word_1_153' title='bbox 1404 1957 1544 2030; x_wconf 84' lang='lat' dir='ltr'>maxirni</span> <span class='ocrx_word' id='word_1_154' title='bbox 1568 1959 1608 2030; x_wconf 76' lang='grc' dir='ltr'>δε</span> <span class='ocrx_word' id='word_1_155' title='bbox 1631 1958 1777 2049; x_wconf 90' lang='lat' dir='ltr'>minimi,</span> <span class='ocrx_word' id='word_1_156' title='bbox 1803 1963 1840 2034; x_wconf 92' lang='lat' dir='ltr'>id</span> <span class='ocrx_word' id='word_1_157' title='bbox 1860 1964 1957 2058; x_wconf 88' lang='lat' dir='ltr'>quod</span> <span class='ocrx_word' id='word_1_158' title='bbox 1978 1965 2032 2036; x_wconf 91' lang='lat' dir='ltr'>de·</span> 
     </span>
     <span class='ocr_line' id='line_1_17' title="bbox 606 2057 1473 2158; baseline -0.01 -23"><span class='ocrx_word' id='word_1_159' title='bbox 606 2079 704 2135; x_wconf 81' lang='lat' dir='ltr'>snum</span> <span class='ocrx_word' id='word_1_160' title='bbox 719 2057 792 2156; x_wconf 88' lang='lat' dir='ltr'>post</span> <span class='ocrx_word' id='word_1_161' title='bbox 813 2057 973 2158; x_wconf 83' lang='lat' dir='ltr'>syzygias</span> <span class='ocrx_word' id='word_1_162' title='bbox 993 2061 1033 2134; x_wconf 78' lang='grc' dir='ltr'>δι</span> <span class='ocrx_word' id='word_1_163' title='bbox 1056 2058 1273 2154; x_wconf 82' lang='lat' dir='ltr'>quadraturas</span> <span class='ocrx_word' id='word_1_164' title='bbox 1296 2057 1473 2152; x_wconf 87' lang='lat' dir='ltr'>contingit.</span> 
     </span>
    </p>

    <p class='ocr_par' dir='ltr' id='par_1_3' title="bbox 544 2155 2156 3660">
     <span class='ocr_line' id='line_1_18' title="bbox 660 2155 2032 2262; baseline 0 -26"><span class='ocrx_word' id='word_1_165' title='bbox 660 2161 693 2254; x_wconf 52' lang='grc' dir='ltr'><em>ᾗ</em></span> <span class='ocrx_word' id='word_1_166' title='bbox 718 2186 783 2260; x_wconf 86' lang='lat'>9¹·</span> <span class='ocrx_word' id='word_1_167' title='bbox 833 2159 896 2234; x_wconf 86' lang='lat' dir='ltr'>Ad</span> <span class='ocrx_word' id='word_1_168' title='bbox 921 2163 1007 2262; x_wconf 73' lang='lat' dir='ltr'>itanc</span> <span class='ocrx_word' id='word_1_169' title='bbox 1025 2181 1138 2234; x_wconf 85' lang='lat' dir='ltr'>autem</span> <span class='ocrx_word' id='word_1_170' title='bbox 1159 2157 1189 2230; x_wconf 88' lang='lat' dir='ltr'>F</span> <span class='ocrx_word' id='word_1_171' title='bbox 1191 2155 1371 2230; x_wconf 79' lang='lat' dir='ltr'>luxuumi</span> <span class='ocrx_word' id='word_1_172' title='bbox 1393 2155 1546 2256; x_wconf 85' lang='lat' dir='ltr'>syzygiis</span> <span class='ocrx_word' id='word_1_173' title='bbox 1571 2160 1614 2232; x_wconf 90' lang='lat' dir='ltr'>ad</span> <span class='ocrx_word' id='word_1_174' title='bbox 1635 2161 1854 2260; x_wconf 90' lang='lat' dir='ltr'>quadraturas</span> <span class='ocrx_word' id='word_1_175' title='bbox 1873 2162 2032 2238; x_wconf 87' lang='lat' dir='ltr'>accelera·</span> 
     </span>
     <span class='ocr_line' id='line_1_19' title="bbox 604 2255 2031 2359; baseline 0.003 -25"><span class='ocrx_word' id='word_1_176' title='bbox 604 2263 760 2345; x_wconf 86' lang='lat' dir='ltr'>tionem,</span> <span class='ocrx_word' id='word_1_177' title='bbox 795 2259 947 2359; x_wconf 74' lang='lat' dir='ltr'>respesiu</span> <span class='ocrx_word' id='word_1_178' title='bbox 974 2255 1127 2335; x_wconf 76' lang='lat' dir='ltr'>transitis</span> <span class='ocrx_word' id='word_1_179' title='bbox 1158 2258 1266 2330; x_wconf 85' lang='lat' dir='ltr'>Lunae</span> <span class='ocrx_word' id='word_1_180' title='bbox 1298 2281 1358 2354; x_wconf 89' lang='lat' dir='ltr'>per</span> <span class='ocrx_word' id='word_1_181' title='bbox 1382 2261 1629 2341; x_wconf 88' lang='lat' dir='ltr'>meridianum,</span> <span class='ocrx_word' id='word_1_182' title='bbox 1659 2287 1698 2334; x_wconf 91' lang='lat' dir='ltr'>ac</span> <span class='ocrx_word' id='word_1_183' title='bbox 1731 2263 2031 2338; x_wconf 77' lang='lat' dir='ltr'>remrdatinnemi</span> 
     </span>
     <span class='ocr_line' id='line_1_20' title="bbox 606 2355 2029 2458; baseline 0.001 -24"><span class='ocrx_word' id='word_1_184' title='bbox 606 2363 819 2457; x_wconf 82' lang='lat' dir='ltr'>quadraturis</span> <span class='ocrx_word' id='word_1_185' title='bbox 849 2362 893 2436; x_wconf 88' lang='lat' dir='ltr'>ad</span> <span class='ocrx_word' id='word_1_186' title='bbox 923 2358 1104 2458; x_wconf 85' lang='lat' dir='ltr'>syzygias,</span> <span class='ocrx_word' id='word_1_187' title='bbox 1137 2355 1323 2454; x_wconf 78' lang='lat' dir='ltr'>&#39;plurimum</span> <span class='ocrx_word' id='word_1_188' title='bbox 1343 2381 1488 2456; x_wconf 79' lang='lat' dir='ltr'>qunque·</span> <span class='ocrx_word' id='word_1_189' title='bbox 1511 2363 1563 2432; x_wconf 86' lang='lat' dir='ltr'>vis</span> <span class='ocrx_word' id='word_1_190' title='bbox 1593 2361 1682 2434; x_wconf 84' lang='lat' dir='ltr'>Solis</span> <span class='ocrx_word' id='word_1_191' title='bbox 1709 2361 1870 2437; x_wconf 86' lang='lat' dir='ltr'>conferre·</span> <span class='ocrx_word' id='word_1_192' title='bbox 1886 2365 2029 2438; x_wconf 74' lang='lat' dir='ltr'>tidentr.</span> 
     </span>
     <span class='ocr_line' id='line_1_21' title="bbox 607 2454 2030 2562; baseline 0.001 -28"><span class='ocrx_word' id='word_1_193' title='bbox 607 2460 721 2556; x_wconf 81' lang='lat' dir='ltr'>Suprit</span> <span class='ocrx_word' id='word_1_194' title='bbox 735 2462 828 2534; x_wconf 84' lang='lat' dir='ltr'>enirn</span> <span class='ocrx_word' id='word_1_195' title='bbox 850 2461 1157 2556; x_wconf 88' lang='lat' dir='ltr'>jamindicavimus</span> <span class='ocrx_word' id='word_1_196' title='bbox 1181 2454 1254 2554; x_wconf 84' lang='lat' dir='ltr'>post</span> <span class='ocrx_word' id='word_1_197' title='bbox 1276 2456 1434 2556; x_wconf 86' lang='lat' dir='ltr'>syzygias</span> <span class='ocrx_word' id='word_1_198' title='bbox 1470 2461 1621 2534; x_wconf 86' lang='lat' dir='ltr'>Fluxum</span> <span class='ocrx_word' id='word_1_199' title='bbox 1644 2457 1816 2538; x_wconf 78' lang='lat' dir='ltr'>transitum</span> <span class='ocrx_word' id='word_1_200' title='bbox 1842 2464 1952 2538; x_wconf 74' lang='lat' dir='ltr'>Lunae</span> <span class='ocrx_word' id='word_1_201' title='bbox 1976 2487 2030 2562; x_wconf 87' lang='lat' dir='ltr'>per</span> 
     </span>
     <span class='ocr_line' id='line_1_22' title="bbox 607 2557 2029 2653; baseline 0.001 -17"><span class='ocrx_word' id='word_1_202' title='bbox 607 2563 833 2636; x_wconf 85' lang='lat' dir='ltr'>meridianum</span> <span class='ocrx_word' id='word_1_203' title='bbox 863 2564 1058 2634; x_wconf 84' lang='lat' dir='ltr'>antecedere</span> <span class='ocrx_word' id='word_1_204' title='bbox 1086 2561 1230 2640; x_wconf 90' lang='lat' dir='ltr'>debere,</span> <span class='ocrx_word' id='word_1_205' title='bbox 1263 2559 1309 2629; x_wconf 90' lang='lat' dir='ltr'>ob</span> <span class='ocrx_word' id='word_1_206' title='bbox 1338 2557 1453 2634; x_wconf 85' lang='lat' dir='ltr'>Solem</span> <span class='ocrx_word' id='word_1_207' title='bbox 1481 2583 1552 2632; x_wconf 87' lang='lat' dir='ltr'>mm</span> <span class='ocrx_word' id='word_1_208' title='bbox 1579 2561 1647 2653; x_wconf 87' lang='lat' dir='ltr'>jam</span> <span class='ocrx_word' id='word_1_209' title='bbox 1671 2563 1789 2636; x_wconf 78' lang='lat' dir='ltr'>versur</span> <span class='ocrx_word' id='word_1_210' title='bbox 1820 2567 2029 2639; x_wconf 86' lang='lat' dir='ltr'>horizontem</span> 
     </span>
     <span class='ocr_line' id='line_1_23' title="bbox 606 2657 2030 2764; baseline 0.003 -30"><span class='ocrx_word' id='word_1_211' title='bbox 606 2661 854 2748; x_wconf 79' lang='lat' dir='ltr'>declinantem3</span> <span class='ocrx_word' id='word_1_212' title='bbox 878 2663 970 2734; x_wconf 85' lang='lat' dir='ltr'>unde</span> <span class='ocrx_word' id='word_1_213' title='bbox 988 2663 1107 2748; x_wconf 89' lang='lat' dir='ltr'>etiam,</span> <span class='ocrx_word' id='word_1_214' title='bbox 1132 2657 1279 2756; x_wconf 69' lang='lat' dir='ltr'>stabiliti</span> <span class='ocrx_word' id='word_1_215' title='bbox 1297 2659 1437 2748; x_wconf 73' lang='lat' dir='ltr'>inertia,</span> <span class='ocrx_word' id='word_1_216' title='bbox 1462 2663 1580 2735; x_wconf 87' lang='lat' dir='ltr'>diebus</span> <span class='ocrx_word' id='word_1_217' title='bbox 1598 2663 1773 2736; x_wconf 90' lang='lat' dir='ltr'>novilunia</span> <span class='ocrx_word' id='word_1_218' title='bbox 1790 2689 1829 2738; x_wconf 91' lang='lat' dir='ltr'>ac</span> <span class='ocrx_word' id='word_1_219' title='bbox 1851 2667 2030 2764; x_wconf 89' lang='lat' dir='ltr'>plenilunia</span> 
     </span>
     <span class='ocr_line' id='line_1_24' title="bbox 601 2757 2031 2862; baseline 0.001 -25"><span class='ocrx_word' id='word_1_220' title='bbox 601 2761 823 2858; x_wconf 83' lang='lat' dir='ltr'>sequentibus</span> <span class='ocrx_word' id='word_1_221' title='bbox 849 2757 942 2838; x_wconf 81' lang='lat' dir='ltr'>astus</span> <span class='ocrx_word' id='word_1_222' title='bbox 969 2759 1075 2834; x_wconf 85' lang='lat' dir='ltr'>Maris</span> <span class='ocrx_word' id='word_1_223' title='bbox 1108 2761 1205 2832; x_wconf 77' lang='lat' dir='ltr'>citius</span> <span class='ocrx_word' id='word_1_224' title='bbox 1234 2759 1365 2854; x_wconf 84' lang='lat' dir='ltr'>insequi</span> <span class='ocrx_word' id='word_1_225' title='bbox 1387 2762 1488 2838; x_wconf 86' lang='lat' dir='ltr'>debet</span> <span class='ocrx_word' id='word_1_226' title='bbox 1511 2759 1685 2834; x_wconf 86' lang='lat' dir='ltr'>tranfitum</span> <span class='ocrx_word' id='word_1_227' title='bbox 1717 2763 1827 2838; x_wconf 84' lang='lat' dir='ltr'>Lunae</span> <span class='ocrx_word' id='word_1_228' title='bbox 1852 2789 1911 2862; x_wconf 87' lang='lat' dir='ltr'>per</span> <span class='ocrx_word' id='word_1_229' title='bbox 1933 2768 2031 2838; x_wconf 86' lang='lat' dir='ltr'>meri·</span> 
     </span>
     <span class='ocr_line' id='line_1_25' title="bbox 605 2857 2156 2962; baseline 0.001 -28"><span class='ocrx_word' id='word_1_230' title='bbox 605 2862 770 2952; x_wconf 82' lang='lat' dir='ltr'>dianam,</span> <span class='ocrx_word' id='word_1_231' title='bbox 796 2861 902 2958; x_wconf 81' lang='lat' dir='ltr'>quim</span> <span class='ocrx_word' id='word_1_232' title='bbox 928 2863 965 2933; x_wconf 94' lang='lat' dir='ltr'>in</span> <span class='ocrx_word' id='word_1_233' title='bbox 992 2857 1069 2960; x_wconf 88' lang='lat' dir='ltr'>ipfis</span> <span class='ocrx_word' id='word_1_234' title='bbox 1092 2860 1272 2960; x_wconf 85' lang='lat' dir='ltr'>syzygiis,</span> <span class='ocrx_word' id='word_1_235' title='bbox 1309 2860 1347 2932; x_wconf 90' lang='lat' dir='ltr'>id</span> <span class='ocrx_word' id='word_1_236' title='bbox 1366 2865 1462 2956; x_wconf 93' lang='lat' dir='ltr'>quod</span> <span class='ocrx_word' id='word_1_237' title='bbox 1492 2866 1601 2962; x_wconf 49' lang='lat' dir='ltr'>etiam,</span> <span class='ocrx_word' id='word_1_238' title='bbox 1612 2863 1861 2938; x_wconf 83' lang='lat' dir='ltr'>observationes</span> <span class='ocrx_word' id='word_1_239' title='bbox 1890 2863 2028 2938; x_wconf 76' lang='lat' dir='ltr'>mirifici</span> <span class='ocrx_word' id='word_1_240' title='bbox 2155 2871 2156 2876; x_wconf 77' lang='grc'>’</span> 
     </span>
     <span class='ocr_line' id='line_1_26' title="bbox 608 2959 2029 3063; baseline 0.003 -29"><span class='ocrx_word' id='word_1_241' title='bbox 608 2959 811 3035; x_wconf 87' lang='lat' dir='ltr'>confirmant</span> <span class='ocrx_word' id='word_1_242' title='bbox 823 2987 836 3050; x_wconf 78' lang='lat'>3</span> <span class='ocrx_word' id='word_1_243' title='bbox 862 2959 949 3035; x_wconf 84' lang='lat' dir='ltr'>inter</span> <span class='ocrx_word' id='word_1_244' title='bbox 966 2961 1116 3038; x_wconf 82' lang='lat' dir='ltr'>Fiuxum</span> <span class='ocrx_word' id='word_1_245' title='bbox 1139 2962 1231 3033; x_wconf 89' lang='lat' dir='ltr'>enim</span> <span class='ocrx_word' id='word_1_246' title='bbox 1250 2962 1408 3055; x_wconf 88' lang='lat' dir='ltr'>quintum</span> <span class='ocrx_word' id='word_1_247' title='bbox 1430 2965 1470 3035; x_wconf 74' lang='grc' dir='ltr'>δι</span> <span class='ocrx_word' id='word_1_248' title='bbox 1493 2959 1621 3034; x_wconf 87' lang='lat' dir='ltr'>sextum</span> <span class='ocrx_word' id='word_1_249' title='bbox 1645 2961 1718 3058; x_wconf 92' lang='lat' dir='ltr'>post</span> <span class='ocrx_word' id='word_1_250' title='bbox 1744 2963 1903 3063; x_wconf 85' lang='lat' dir='ltr'>syzygias</span> <span class='ocrx_word' id='word_1_251' title='bbox 1931 2989 2029 3039; x_wconf 88' lang='lat' dir='ltr'>tetar-</span> 
     </span>
     <span class='ocr_line' id='line_1_27' title="bbox 607 3061 2030 3160; baseline 0.003 -26"><span class='ocrx_word' id='word_1_252' title='bbox 607 3063 701 3134; x_wconf 87' lang='lat' dir='ltr'>datio</span> <span class='ocrx_word' id='word_1_253' title='bbox 727 3061 879 3160; x_wconf 74' lang='lat' dir='ltr'>respesiu</span> <span class='ocrx_word' id='word_1_254' title='bbox 901 3063 989 3136; x_wconf 85' lang='lat' dir='ltr'>Solis</span> <span class='ocrx_word' id='word_1_255' title='bbox 1017 3083 1147 3133; x_wconf 87' lang='lat' dir='ltr'>tanturn</span> <span class='ocrx_word' id='word_1_256' title='bbox 1174 3083 1220 3155; x_wconf 85' lang='lat'>¹7</span> <span class='ocrx_word' id='word_1_257' title='bbox 1241 3062 1361 3131; x_wconf 85' lang='lat' dir='ltr'>minut.</span> <span class='ocrx_word' id='word_1_258' title='bbox 1387 3061 1666 3158; x_wconf 86' lang='lat' dir='ltr'>deprehenditur,</span> <span class='ocrx_word' id='word_1_259' title='bbox 1694 3063 1773 3136; x_wconf 78' lang='lat' dir='ltr'>cum</span> <span class='ocrx_word' id='word_1_260' title='bbox 1794 3088 1910 3138; x_wconf 90' lang='lat' dir='ltr'>tamen</span> <span class='ocrx_word' id='word_1_261' title='bbox 1935 3065 2030 3138; x_wconf 89' lang='lat' dir='ltr'>Luna</span> 
     </span>
     <span class='ocr_line' id='line_1_28' title="bbox 606 3158 2156 3264; baseline -0.001 -24"><span class='ocrx_word' id='word_1_262' title='bbox 606 3162 677 3261; x_wconf 78' lang='lat'>24¹</span> <span class='ocrx_word' id='word_1_263' title='bbox 692 3164 890 3236; x_wconf 87' lang='lat' dir='ltr'>retardetur.</span> <span class='ocrx_word' id='word_1_264' title='bbox 942 3161 1044 3238; x_wconf 89' lang='lat' dir='ltr'>Hanc</span> <span class='ocrx_word' id='word_1_265' title='bbox 1059 3163 1106 3232; x_wconf 88' lang='lat' dir='ltr'>ob</span> <span class='ocrx_word' id='word_1_266' title='bbox 1125 3183 1196 3235; x_wconf 88' lang='lat' dir='ltr'>rem</span> <span class='ocrx_word' id='word_1_267' title='bbox 1214 3158 1235 3231; x_wconf 80' lang='lat' dir='ltr'>i</span> <span class='ocrx_word' id='word_1_268' title='bbox 1253 3159 1333 3232; x_wconf 83' lang='lat' dir='ltr'>Sole</span> <span class='ocrx_word' id='word_1_269' title='bbox 1355 3160 1595 3234; x_wconf 86' lang='lat' dir='ltr'>determinatur</span> <span class='ocrx_word' id='word_1_270' title='bbox 1619 3159 1713 3238; x_wconf 76' lang='lat' dir='ltr'>astus</span> <span class='ocrx_word' id='word_1_271' title='bbox 1734 3164 1959 3238; x_wconf 75' lang='lat' dir='ltr'>adadionern</span> <span class='ocrx_word' id='word_1_272' title='bbox 1978 3168 2028 3238; x_wconf 89' lang='lat' dir='ltr'>vi-</span> <span class='ocrx_word' id='word_1_273' title='bbox 2155 3239 2156 3264; x_wconf 14' lang='grc' dir='ltr'>χ</span> 
     </span>
     <span class='ocr_line' id='line_1_29' title="bbox 604 3253 2156 3360; baseline 0.004 -27"><span class='ocrx_word' id='word_1_274' title='bbox 604 3266 696 3336; x_wconf 91' lang='lat' dir='ltr'>rium</span> <span class='ocrx_word' id='word_1_275' title='bbox 728 3265 836 3360; x_wconf 89' lang='lat' dir='ltr'>magis</span> <span class='ocrx_word' id='word_1_276' title='bbox 861 3253 979 3336; x_wconf 65' lang='lat' dir='ltr'>eradii</span> <span class='ocrx_word' id='word_1_277' title='bbox 1008 3261 1230 3358; x_wconf 83' lang='lat' dir='ltr'>sequendam,</span> <span class='ocrx_word' id='word_1_278' title='bbox 1262 3285 1339 3357; x_wconf 82' lang='lat' dir='ltr'>quat</span> <span class='ocrx_word' id='word_1_279' title='bbox 1367 3263 1603 3334; x_wconf 90' lang='lat' dir='ltr'>determinatio</span> <span class='ocrx_word' id='word_1_280' title='bbox 1631 3265 1710 3334; x_wconf 80' lang='lat' dir='ltr'>cum</span> <span class='ocrx_word' id='word_1_281' title='bbox 1736 3265 1835 3338; x_wconf 84' lang='lat' dir='ltr'>dtsret</span> <span class='ocrx_word' id='word_1_282' title='bbox 1858 3264 1965 3360; x_wconf 88' lang='lat' dir='ltr'>usque</span> <span class='ocrx_word' id='word_1_283' title='bbox 1989 3267 2030 3338; x_wconf 90' lang='lat' dir='ltr'>ad</span> <span class='ocrx_word' id='word_1_284' title='bbox 2155 3281 2156 3302; x_wconf 67' lang='lat'>¹</span> 
     </span>
     <span class='ocr_line' id='line_1_30' title="bbox 604 3358 2030 3458; baseline 0 -22"><span class='ocrx_word' id='word_1_285' title='bbox 604 3365 849 3458; x_wconf 83' lang='lat' dir='ltr'>quadraturas,</span> <span class='ocrx_word' id='word_1_286' title='bbox 875 3366 999 3436; x_wconf 89' lang='lat' dir='ltr'>mirum</span> <span class='ocrx_word' id='word_1_287' title='bbox 1022 3387 1091 3436; x_wconf 89' lang='lat' dir='ltr'>non</span> <span class='ocrx_word' id='word_1_288' title='bbox 1113 3358 1180 3449; x_wconf 88' lang='lat' dir='ltr'>est,</span> <span class='ocrx_word' id='word_1_289' title='bbox 1204 3363 1302 3457; x_wconf 72' lang='lat' dir='ltr'>quiid</span> <span class='ocrx_word' id='word_1_290' title='bbox 1322 3358 1416 3436; x_wconf 75' lang='lat' dir='ltr'>resista</span> <span class='ocrx_word' id='word_1_291' title='bbox 1435 3361 1511 3434; x_wconf 80' lang='lat' dir='ltr'>tum</span> <span class='ocrx_word' id='word_1_292' title='bbox 1529 3362 1681 3458; x_wconf 78' lang='lat' dir='ltr'>respesiu</span> <span class='ocrx_word' id='word_1_293' title='bbox 1706 3363 1815 3439; x_wconf 73' lang='lat' dir='ltr'>Lunae</span> <span class='ocrx_word' id='word_1_294' title='bbox 1833 3367 1932 3438; x_wconf 79' lang='lat' dir='ltr'>citius</span> <span class='ocrx_word' id='word_1_295' title='bbox 1950 3391 2030 3437; x_wconf 91' lang='lat' dir='ltr'>con·</span> 
     </span>
     <span class='ocr_line' id='line_1_31' title="bbox 544 3461 2032 3660; baseline 0 -21"><span class='ocrx_word' id='word_1_296' title='bbox 544 3483 545 3487; x_wconf 5' lang='grc' dir='ltr'><em>Ὗ</em></span> <span class='ocrx_word' id='word_1_297' title='bbox 605 3461 1208 3660; x_wconf 56' lang='lat' dir='ltr'>ii⁰i³ias¹ssiiis¹a²iss3¹giium</span> <span class='ocrx_word' id='word_1_298' title='bbox 1223 3461 2032 3658; x_wconf 45' lang='lat' dir='ltr'>aissaizis&amp;dissidiis?</span> 
     </span>
    </p>

    <p class='ocr_par' dir='ltr' id='par_1_4' title="bbox 602 3607 2039 4342">
     <span class='ocr_line' id='line_1_32' title="bbox 1176 3607 2032 3647; baseline 0.002 -23"><span class='ocrx_word' id='word_1_299' title='bbox 1176 3611 1187 3647; x_wconf 87' lang='lat'>‚</span> <span class='ocrx_word' id='word_1_300' title='bbox 2014 3607 2032 3626; x_wconf 91' lang='lat'><strong><em>.</em></strong></span> 
     </span>
     <span class='ocr_line' id='line_1_33' title="bbox 604 3658 2032 3762; baseline 0.003 -28"><span class='ocrx_word' id='word_1_301' title='bbox 604 3665 751 3744; x_wconf 83' lang='lat' dir='ltr'>dantur3</span> <span class='ocrx_word' id='word_1_302' title='bbox 789 3666 923 3759; x_wconf 89' lang='lat' dir='ltr'>hocque</span> <span class='ocrx_word' id='word_1_303' title='bbox 947 3658 1125 3736; x_wconf 80' lang='lat' dir='ltr'>necessarid</span> <span class='ocrx_word' id='word_1_304' title='bbox 1148 3660 1317 3749; x_wconf 87' lang='lat' dir='ltr'>efficitur,</span> <span class='ocrx_word' id='word_1_305' title='bbox 1347 3683 1386 3734; x_wconf 88' lang='lat' dir='ltr'>ut</span> <span class='ocrx_word' id='word_1_306' title='bbox 1405 3666 1543 3736; x_wconf 90' lang='lat' dir='ltr'>tandem</span> <span class='ocrx_word' id='word_1_307' title='bbox 1560 3665 1597 3736; x_wconf 94' lang='lat' dir='ltr'>in</span> <span class='ocrx_word' id='word_1_308' title='bbox 1620 3659 1696 3758; x_wconf 77' lang='lat' dir='ltr'>ipsu</span> <span class='ocrx_word' id='word_1_309' title='bbox 1724 3662 1876 3762; x_wconf 86' lang='lat' dir='ltr'>syzygiis</span> <span class='ocrx_word' id='word_1_310' title='bbox 1899 3665 2032 3739; x_wconf 85' lang='lat' dir='ltr'>Flurus</span> 
     </span>
     <span class='ocr_line' id='line_1_34' title="bbox 603 3761 2039 3858; baseline 0.003 -24"><span class='ocrx_word' id='word_1_311' title='bbox 603 3763 733 3835; x_wconf 78' lang='lat' dir='ltr'>tardius</span> <span class='ocrx_word' id='word_1_312' title='bbox 754 3761 947 3858; x_wconf 88' lang='lat' dir='ltr'>insequatur</span> <span class='ocrx_word' id='word_1_313' title='bbox 967 3762 1076 3837; x_wconf 75' lang='lat' dir='ltr'>Lunae</span> <span class='ocrx_word' id='word_1_314' title='bbox 1097 3761 1371 3835; x_wconf 86' lang='lat' dir='ltr'>culminatinnem</span> <span class='ocrx_word' id='word_1_315' title='bbox 1390 3763 1495 3858; x_wconf 83' lang='lat' dir='ltr'>quim</span> <span class='ocrx_word' id='word_1_316' title='bbox 1516 3766 1552 3835; x_wconf 91' lang='lat' dir='ltr'>in</span> <span class='ocrx_word' id='word_1_317' title='bbox 1571 3766 1792 3858; x_wconf 84' lang='lat' dir='ltr'>quadraturis.</span> <span class='ocrx_word' id='word_1_318' title='bbox 1846 3765 1951 3842; x_wconf 87' lang='lat' dir='ltr'>Hanc</span> <span class='ocrx_word' id='word_1_319' title='bbox 1975 3771 2039 3838; x_wconf 88' lang='lat' dir='ltr'>au-&#39;</span> 
     </span>
     <span class='ocr_line' id='line_1_35' title="bbox 604 3859 2033 3960; baseline 0.003 -26"><span class='ocrx_word' id='word_1_320' title='bbox 604 3885 677 3936; x_wconf 90' lang='lat' dir='ltr'>tem</span> <span class='ocrx_word' id='word_1_321' title='bbox 699 3865 863 3935; x_wconf 87' lang='lat' dir='ltr'>rationem</span> <span class='ocrx_word' id='word_1_322' title='bbox 882 3886 960 3934; x_wconf 91' lang='lat' dir='ltr'>cum</span> <span class='ocrx_word' id='word_1_323' title='bbox 982 3864 1215 3959; x_wconf 88' lang='lat' dir='ltr'>magnitudine</span> <span class='ocrx_word' id='word_1_324' title='bbox 1233 3859 1327 3936; x_wconf 82' lang='lat' dir='ltr'>aestirs</span> <span class='ocrx_word' id='word_1_325' title='bbox 1347 3863 1616 3960; x_wconf 83' lang='lat' dir='ltr'>conjungendam</span> <span class='ocrx_word' id='word_1_326' title='bbox 1635 3859 1700 3937; x_wconf 84' lang='lat' dir='ltr'>esse</span> <span class='ocrx_word' id='word_1_327' title='bbox 1721 3887 1878 3960; x_wconf 83' lang='lat' dir='ltr'>putamus</span> <span class='ocrx_word' id='word_1_328' title='bbox 1898 3869 1943 3938; x_wconf 91' lang='lat' dir='ltr'>ad</span> <span class='ocrx_word' id='word_1_329' title='bbox 1960 3871 2033 3940; x_wconf 83' lang='lat' dir='ltr'>haec</span> 
     </span>
     <span class='ocr_line' id='line_1_36' title="bbox 603 3959 2034 4064; baseline 0.004 -30"><span class='ocrx_word' id='word_1_330' title='bbox 603 3966 827 4064; x_wconf 78' lang='lat' dir='ltr'>phanomena</span> <span class='ocrx_word' id='word_1_331' title='bbox 851 3963 999 4058; x_wconf 65' lang='lat' dir='ltr'>persesii</span> <span class='ocrx_word' id='word_1_332' title='bbox 1021 3963 1238 4058; x_wconf 85' lang='lat' dir='ltr'>explicanda,</span> <span class='ocrx_word' id='word_1_333' title='bbox 1265 3959 1433 4059; x_wconf 72' lang='lat' dir='ltr'>saepiffimi</span> <span class='ocrx_word' id='word_1_334' title='bbox 1455 3966 1546 4036; x_wconf 89' lang='lat' dir='ltr'>enirn</span> <span class='ocrx_word' id='word_1_335' title='bbox 1569 3967 1605 4036; x_wconf 92' lang='lat' dir='ltr'>in</span> <span class='ocrx_word' id='word_1_336' title='bbox 1631 3963 1696 4036; x_wconf 69' lang='lat' dir='ltr'>hic</span> <span class='ocrx_word' id='word_1_337' title='bbox 1717 3963 1900 4060; x_wconf 79' lang='lat' dir='ltr'>quaestione</span> <span class='ocrx_word' id='word_1_338' title='bbox 1919 3968 2034 4062; x_wconf 82' lang='lat' dir='ltr'>plures</span> 
     </span>
     <span class='ocr_line' id='line_1_37' title="bbox 604 4061 2036 4163; baseline 0.003 -29"><span class='ocrx_word' id='word_1_339' title='bbox 604 4061 709 4136; x_wconf 80' lang='lat' dir='ltr'>causae</span> <span class='ocrx_word' id='word_1_340' title='bbox 726 4065 769 4136; x_wconf 92' lang='lat' dir='ltr'>ad</span> <span class='ocrx_word' id='word_1_341' title='bbox 783 4065 931 4136; x_wconf 91' lang='lat' dir='ltr'>eundem</span> <span class='ocrx_word' id='word_1_342' title='bbox 952 4061 1110 4138; x_wconf 70' lang='lat' dir='ltr'>effaetum</span> <span class='ocrx_word' id='word_1_343' title='bbox 1125 4063 1381 4159; x_wconf 89' lang='lat' dir='ltr'>producendum</span> <span class='ocrx_word' id='word_1_344' title='bbox 1396 4087 1626 4151; x_wconf 75' lang='lat' dir='ltr'>concurrunt3</span> <span class='ocrx_word' id='word_1_345' title='bbox 1646 4065 1714 4136; x_wconf 89' lang='lat' dir='ltr'>hoc</span> <span class='ocrx_word' id='word_1_346' title='bbox 1731 4089 1846 4139; x_wconf 90' lang='lat' dir='ltr'>autem</span> <span class='ocrx_word' id='word_1_347' title='bbox 1862 4063 1910 4140; x_wconf 86' lang='lat' dir='ltr'>est</span> <span class='ocrx_word' id='word_1_348' title='bbox 1931 4070 1971 4140; x_wconf 90' lang='lat' dir='ltr'>id</span> <span class='ocrx_word' id='word_1_349' title='bbox 1984 4071 2036 4163; x_wconf 80' lang='lat' dir='ltr'>ip-</span> 
     </span>
     <span class='ocr_line' id='line_1_38' title="bbox 603 4161 2036 4265; baseline 0.004 -31"><span class='ocrx_word' id='word_1_350' title='bbox 603 4161 678 4238; x_wconf 90' lang='lat' dir='ltr'>sum</span> <span class='ocrx_word' id='word_1_351' title='bbox 725 4167 795 4236; x_wconf 92' lang='lat' dir='ltr'>und</span> <span class='ocrx_word' id='word_1_352' title='bbox 814 4165 957 4236; x_wconf 84' lang='lat' dir='ltr'>calculus</span> <span class='ocrx_word' id='word_1_353' title='bbox 982 4165 1037 4237; x_wconf 88' lang='lat' dir='ltr'>ilie</span> <span class='ocrx_word' id='word_1_354' title='bbox 1058 4163 1269 4260; x_wconf 70' lang='lat' dir='ltr'>summopere</span> <span class='ocrx_word' id='word_1_355' title='bbox 1290 4165 1479 4262; x_wconf 90' lang='lat' dir='ltr'>implicatus</span> <span class='ocrx_word' id='word_1_356' title='bbox 1503 4168 1542 4239; x_wconf 79' lang='lat' dir='ltr'>dc</span> <span class='ocrx_word' id='word_1_357' title='bbox 1570 4162 1727 4239; x_wconf 81' lang='lat' dir='ltr'>molestus</span> <span class='ocrx_word' id='word_1_358' title='bbox 1750 4163 1842 4263; x_wconf 89' lang='lat' dir='ltr'>quasi</span> <span class='ocrx_word' id='word_1_359' title='bbox 1859 4191 1921 4265; x_wconf 86' lang='lat' dir='ltr'>per</span> <span class='ocrx_word' id='word_1_360' title='bbox 1943 4188 2036 4250; x_wconf 77' lang='lat' dir='ltr'>tram·¹</span> 
     </span>
     <span class='ocr_line' id='line_1_39' title="bbox 602 4261 1133 4342; baseline 0.002 -4"><span class='ocrx_word' id='word_1_361' title='bbox 602 4261 703 4338; x_wconf 86' lang='lat' dir='ltr'>senna</span> <span class='ocrx_word' id='word_1_362' title='bbox 764 4264 937 4339; x_wconf 85' lang='lat' dir='ltr'>ostendere</span> <span class='ocrx_word' id='word_1_363' title='bbox 959 4265 1050 4342; x_wconf 88' lang='lat' dir='ltr'>visus</span> <span class='ocrx_word' id='word_1_364' title='bbox 1076 4261 1133 4340; x_wconf 84' lang='lat' dir='ltr'>est.</span> 
     </span>
    </p>

    <p class='ocr_par' dir='ltr' id='par_1_5' title="bbox 582 4361 2041 4784">
     <span class='ocr_line' id='line_1_40' title="bbox 655 4361 2034 4464; baseline 0.001 -24"><span class='ocrx_word' id='word_1_365' title='bbox 655 4369 687 4458; x_wconf 87' lang='lat'>§.</span> <span class='ocrx_word' id='word_1_366' title='bbox 714 4387 777 4460; x_wconf 89' lang='lat'>92.</span> <span class='ocrx_word' id='word_1_367' title='bbox 829 4363 915 4456; x_wconf 75' lang='lat' dir='ltr'>Qud,</span> <span class='ocrx_word' id='word_1_368' title='bbox 934 4391 1046 4442; x_wconf 90' lang='lat' dir='ltr'>autem</span> <span class='ocrx_word' id='word_1_369' title='bbox 1070 4389 1139 4438; x_wconf 85' lang='lat' dir='ltr'>tam</span> <span class='ocrx_word' id='word_1_370' title='bbox 1165 4367 1208 4437; x_wconf 89' lang='lat' dir='ltr'>de</span> <span class='ocrx_word' id='word_1_371' title='bbox 1228 4365 1280 4438; x_wconf 84' lang='lat' dir='ltr'>his</span> <span class='ocrx_word' id='word_1_372' title='bbox 1300 4366 1533 4442; x_wconf 82' lang='lat' dir='ltr'>Phenonienis</span> <span class='ocrx_word' id='word_1_373' title='bbox 1551 4369 1656 4464; x_wconf 82' lang='lat' dir='ltr'>quim</span> <span class='ocrx_word' id='word_1_374' title='bbox 1676 4369 1814 4464; x_wconf 89' lang='lat' dir='ltr'>reliquis</span> <span class='ocrx_word' id='word_1_375' title='bbox 1839 4367 1967 4440; x_wconf 79' lang='lat' dir='ltr'>certius</span> <span class='ocrx_word' id='word_1_376' title='bbox 1994 4361 2034 4442; x_wconf 82' lang='lat' dir='ltr'>dc</span> 
     </span>
     <span class='ocr_line' id='line_1_41' title="bbox 582 4449 2038 4566; baseline 0.003 -30"><span class='ocrx_word' id='word_1_377' title='bbox 582 4449 741 4544; x_wconf 69' lang='lat' dir='ltr'>&#39;solidius</span> <span class='ocrx_word' id='word_1_378' title='bbox 765 4468 911 4558; x_wconf 85' lang='lat' dir='ltr'>judicare</span> <span class='ocrx_word' id='word_1_379' title='bbox 934 4465 1120 4563; x_wconf 87' lang='lat' dir='ltr'>queamus,</span> <span class='ocrx_word' id='word_1_380' title='bbox 1154 4454 1263 4562; x_wconf 81' lang='lat' dir='ltr'>ipiinn</span> <span class='ocrx_word' id='word_1_381' title='bbox 1289 4489 1421 4539; x_wconf 87' lang='lat' dir='ltr'>motum</span> <span class='ocrx_word' id='word_1_382' title='bbox 1443 4465 1717 4566; x_wconf 85' lang='lat' dir='ltr'>progreffivum,</span> <span class='ocrx_word' id='word_1_383' title='bbox 1754 4491 1856 4566; x_wconf 89' lang='lat' dir='ltr'>quem</span> <span class='ocrx_word' id='word_1_384' title='bbox 1879 4492 1973 4565; x_wconf 88' lang='lat' dir='ltr'>aqua</span> <span class='ocrx_word' id='word_1_385' title='bbox 1994 4471 2038 4540; x_wconf 88' lang='lat' dir='ltr'>ab</span> 
     </span>
     <span class='ocr_line' id='line_1_42' title="bbox 601 4561 2040 4664; baseline 0.004 -28"><span class='ocrx_word' id='word_1_386' title='bbox 601 4561 683 4644; x_wconf 67' lang='lat' dir='ltr'>astu</span> <span class='ocrx_word' id='word_1_387' title='bbox 703 4566 843 4664; x_wconf 89' lang='lat' dir='ltr'>recipit,</span> <span class='ocrx_word' id='word_1_388' title='bbox 868 4566 1153 4664; x_wconf 83' lang='lat' dir='ltr'>investigabimus.</span> <span class='ocrx_word' id='word_1_389' title='bbox 1206 4565 1298 4638; x_wconf 79' lang='lat' dir='ltr'>carn</span> <span class='ocrx_word' id='word_1_390' title='bbox 1326 4569 1419 4639; x_wconf 92' lang='lat' dir='ltr'>enim</span> <span class='ocrx_word' id='word_1_391' title='bbox 1446 4593 1532 4664; x_wconf 88' lang='lat' dir='ltr'>aqua</span> <span class='ocrx_word' id='word_1_392' title='bbox 1555 4571 1675 4644; x_wconf 88' lang='lat' dir='ltr'>eodem</span> <span class='ocrx_word' id='word_1_393' title='bbox 1700 4571 1775 4642; x_wconf 92' lang='lat' dir='ltr'>loco</span> <span class='ocrx_word' id='word_1_394' title='bbox 1800 4593 1892 4640; x_wconf 89' lang='lat' dir='ltr'>nunc</span> <span class='ocrx_word' id='word_1_395' title='bbox 1915 4570 2040 4642; x_wconf 79' lang='lat' dir='ltr'>eleve-</span> 
     </span>
     <span class='ocr_line' id='line_1_43' title="bbox 601 4659 2041 4784; baseline 0 -40"><span class='ocrx_word' id='word_1_396' title='bbox 601 4689 660 4748; x_wconf 89' lang='lat' dir='ltr'>tur</span> <span class='ocrx_word' id='word_1_397' title='bbox 679 4685 771 4740; x_wconf 88' lang='lat' dir='ltr'>nunc</span> <span class='ocrx_word' id='word_1_398' title='bbox 796 4659 957 4752; x_wconf 71' lang='lat' dir='ltr'>subsidat,</span> <span class='ocrx_word' id='word_1_399' title='bbox 982 4661 1110 4742; x_wconf 69' lang='lat' dir='ltr'>necesse</span> <span class='ocrx_word' id='word_1_400' title='bbox 1127 4662 1236 4741; x_wconf 75' lang='lat' dir='ltr'>esi&#39;ut</span> <span class='ocrx_word' id='word_1_401' title='bbox 1257 4669 1362 4770; x_wconf 86' lang='lat' dir='ltr'>priori</span> <span class='ocrx_word' id='word_1_402' title='bbox 1383 4667 1460 4746; x_wconf 87' lang='lat' dir='ltr'>casu</span> <span class='ocrx_word' id='word_1_403' title='bbox 1488 4694 1575 4767; x_wconf 88' lang='lat' dir='ltr'>aqua</span> <span class='ocrx_word' id='word_1_404' title='bbox 1595 4673 1732 4746; x_wconf 87' lang='lat' dir='ltr'>aliunde</span> <span class='ocrx_word' id='word_1_405' title='bbox 1755 4666 1888 4756; x_wconf 84' lang='lat' dir='ltr'>affluat,</span> <span class='ocrx_word' id='word_1_406' title='bbox 1923 4667 2041 4784; x_wconf 74' lang='lat' dir='ltr'>P⁰.st‘t</span> 
     </span>
    </p>

    <p class='ocr_par' dir='ltr' id='par_1_6' title="bbox 1956 4793 2155 4844">
     <span class='ocr_line' id='line_1_44' title="bbox 1956 4793 2155 4844; baseline 0.015 -2"><span class='ocrx_word' id='word_1_407' title='bbox 1956 4793 2043 4844; x_wconf 86' lang='lat' dir='ltr'>nort</span> <span class='ocrx_word' id='word_1_408' title='bbox 2154 4797 2155 4834; x_wconf 43' lang='lat' dir='ltr'>s</span> 
     </span>
    </p>
   </div>
   <div class='ocr_carea' id='block_1_3' title="bbox 0 0 2184 5678">
    <p class='ocr_par' dir='ltr' id='par_1_7' title="bbox 0 0 2184 5678">
     <span class='ocr_line' id='line_1_45' title="bbox 0 0 2184 5678; baseline 0 0"><span class='ocrx_word' id='word_1_409' title='bbox 0 0 2184 5678; x_wconf 95' lang='lat' dir='ltr'> </span> 
     </span>
    </p>
   </div>
  </div>
 </body>
</html>
