4354 5678
391 455 611 566 Pataros
662 460 728 559 'tc
779 448 1329 564 Rariores-Marta:
1497 463 1577 574 '333

142 578 280 659 aiotum
302 607 340 658 ac
361 587 614 658 noviluniorum
638 583 769 658 Fluxus
793 585 980 658 adveniunt
1003 582 1088 658 hora
1107 585 1206 659 tertii
1231 579 1479 682 pomeridiand,
1502 573 1579 684 quae

145 689 324 758 retardatio
352 687 506 758 naturalis
529 685 651 758 censeri
672 681 780 784 potest
797 685 815 774 ‚'
849 708 960 780 neque
986 685 1155 760 littoribus
1177 687 1287 760 adhuc
1315 689 1475 778 turbata;
1499 687 1581 771 hine
1627 694 1633 702 “

143 809 232 882 aqua
251 789 390 859 demum
409 791 453 858 ad
470 787 582 858 littora
602 785 785 858 Britanniae
806 787 944 857 minoris
967 811 1004 858 ac
1022 783 1242 860 Notmanniae
1257 791 1501 884 progreditur3
1527 812 1580 866 at-

142 893 217 980 que*
236 887 360 958 idcirco
384 890 436 958 his
465 890 502 960 in
526 888 721 982 regionibus
749 883 880 958 Fluxus
909 887 1036 958 tardilts
1072 890 1210 962 evenire
1240 888 1483 980 observantur„
1521 890 1580 968 Sic

138 988 187 1058 ad
211 985 351 1060 Portum
371 987 404 1060 S.
436 985 532 1058 Malo
550 1007 702 1083 tempore
725 985 946 1085 syzygiatum
969 985 1000 1058 F
1003 988 1101 1060 luxus
1128 991 1269 1061 demum
1297 991 1382 1062 hora
1404 987 1497 1063 sexti
1523 990 1577 1066 se·

140 1087 288 1184 quitur,
320 1089 363 1158 ad
385 1083 466 1160 ostia
489 1089 572 1159 verd
597 1087 761 1182 Sequanae
785 1085 889 1184 usque
919 1088 963 1158 ad
990 1091 1108 1159 horam
1132 1112 1257 1160 nonam
1293 1093 1501 1180 retardatur:
1526 1085 1583 1164 at«
1661 1162 1662 1165 ,

144 1209 213 1282 que
237 1189 285 1260 ira
309 1212 410 1286 porro
430 1190 608 1262 retardatio
631 1210 782 1284 augetur,
809 1189 919 1259 donec
936 1190 1072 1260 tandem
1095 1189 1130 1260 in
1150 1187 1237 1262 freto
1256 1189 1389 1282 Gallico
1412 1189 1577 1266 Dunker·

142 1311 220 1383 quae
243 1292 282 1360 &
312 1286 472 1364 Ostende
492 1289 604 1361 medii
628 1287 728 1358 nodie
754 1287 890 1358 incidat.
954 1285 1010 1359 Ex
1030 1289 1092 1360 hac
1117 1289 1200 1363 verd
1225 1291 1450 1368 retardatione
1473 1292 1577 1364 inno·

143 1385 239 1460 tescit
265 1389 413 1462 celeritas
433 1414 545 1484 aquae,
578 1387 647 1484 qud
672 1389 765 1480 juxta
796 1387 908 1457 littora
931 1389 1169 1484 progreditur,
1205 1414 1312 1486 eaque
1335 1413 1429 1464 tanta
1454 1391 1577 1488 depre-
1678 1425 1682 1430 ·

37 1565 43 1574 ,
143 1489 307 1562 henditur
323 1489 391 1586 qud
405 1493 472 1574 und
485 1489 569 1560 hord
583 1487 725 1584 spatium
738 1488 867 1558 circiter
882 1487 940 1582 (†)
966 1497 998 1566 8.
1011 1489 1205 1562 milliarium
1221 1487 1388 1566 conficiat.
1402 1487 1579 1590 ,Deniqtre

142 1613 233 1684 aqua
255 1614 379 1662 tantam
406 1586 589 1662 fere'viam
609 1585 779 1660 absolvere
797 1589 898 1660 debet
919 1587 1084 1684 usquead
1105 1587 1299 1664 Dublinum
1314 1642 1332 1682 ,V
1352 1615 1511 1688 quantam
1531 1595 1575 1668 ad

140 1688 269 1762 fretum
300 1691 487 1772 Gallicum,
513 1714 555 1762 ex
578 1685 794 1784 quo'Fluxut
819 1689 921 1761 etiam
939 1685 1085 1760 Dublini
1104 1690 1190 1784 lrord
1211 1692 1340 1786 circite't
1361 1693 1494 1766 decimd
1510 1699 1587 1788 pol

139 1791 328 1863 meridiani
349 1790 516 1863 observati
536 1787 628 1860 solet.
681 1785 802 1882 Atque
823 1784 921 1862 stmili
943 1792 1047 1860 modo
1063 1794 1242 1863 retardatio
1265 1791 1442 1884 Fluauum
1461 1795 1506 1886 ad
1521 1795 1577 1882 lit·

136 1912 214 1964 tora
235 1891 376 1964 aliarum
400 1892 580 1987 regionum
602 1884 670 1961 stne
691 1887 759 1960 ulla
783 1887 976 1962 difficultate
1002 1891 1162 1986 explicari
1182 1893 1320 1988 poterit,
1380 1947 1399 1954 ·.
1456 1945 1459 1953 ·
1532 1941 1543 1980 ·.

193 1996 225 2087 §.
256 2015 342 2093 ¹¹5·
395 1989 506 2080 Quod
526 2013 639 2062 autem
662 1989 706 2060 ad
726 1990 946 2084 quantitatem
971 1987 1065 2063 aellits
1097 1989 1202 2064 Maris
1227 1994 1271 2065 ad
1296 1993 1411 2067 littora
1434 1993 1577 2078 attinet}

132 2094 235 2190 facili
261 2094 460 2190 intelligitur
478 2086 591 2164 astum
622 2087 727 2162 Maris
749 2092 793 2162 ad
817 2089 930 2163 littora
957 2092 1120 2184 majorem
1142 2087 1206 2166 elle
1237 2095 1384 2183 debere,
1409 2095 1517 2192 quim
1538 2096 1575 2174 in

137 2197 255 2268 medio
275 2197 369 2266 mari.
421 2192 537 2264 Primd
567 2192 660 2264 enim
683 2213 770 2285 aqua
795 2215 873 2262 cum
908 2193 1038 2288 impetu
1067 2195 1110 2264 ad
1138 2191 1250 2267 littora
1273 2194 1402 2286 allidit,
1435 2220 1487 2282 ex,
1501 2220 1574 2292 quo

133 2293 262 2392 allapsu
290 2294 359 2367 solo
384 2294 452 2387 jam
474 2290 727 2364 intumescentia
756 2293 840 2384 oriri
847 2292 974 2386 debet.
1037 2290 1176 2388 Deinde
1208 2296 1371 2392 quoniam
1401 2320 1503 2393 aqua,
1519 2295 1575 2384 ed·

135 2397 218 2469 dem
240 2396 422 2478 celeritate,
449 2417 551 2491 quam
572 2393 715 2465 habebat
732 2390 900 2480 Oceano,
925 2393 985 2465 ubi
1005 2395 1151 2490 maxima
1165 2391 1215 2490 est
1233 2393 1463 2492 prqfunditas,
1486 2420 1572 2494 prof

134 2499 237 2593 gredi
255 2519 415 2582 conatur,
441 2497 485 2567 ad
509 2495 620 2566 littora
643 2491 784 2586 locaque
802 2491 926 2590 vadosa
947 2495 1167 2592 vehementer
1191 2494 1425 2592 inturgescet,
1439 2519 1571 2586 tantum
1593 2488 1596 2499 ¹

133 2599 232 2670 enim
251 2597 321 2670 fere
344 2621 439 2692 aqua
459 2597 503 2668 ad
528 2597 640 2667 littora
661 2591 819 2681 affertur,
844 2597 1009 2689 quantum
1032 2595 1194 2670 sufficeret
1217 2597 1261 2668 ad
1284 2595 1450 2690 spatium,
1474 2600 1572 2694 quod
1610 2660 1612 2664 .

131 2695 246 2772 Terra
265 2722 428 2794 occupat,
453 2698 697 2768 inundantium.
759 2692 883 2765 Tertid
913 2689 1095 2791 iste'aquae
1121 2693 1263 2772 affluxus
1294 2693 1480 2772 infinibus
1510 2723 1574 2772 vae

130 2793 225 2872 dosis
248 2797 356 2871 multd
376 2799 488 2870 adhuc
509 2797 615 2892 magis
638 2791 817 2866 increscere
835 2797 949 2882 debet,
974 2797 1016 2868 ed
1048 2795 1144 2892 qudd
1165 2821 1250 2892 aqua
1269 2797 1323 2867 his
1346 2799 1382 2866 in
1403 2798 1486 2870 locis
1503 2797 1572 2892 jam
1629 2875 1631 2881 ,

130 2900 284 2972 multum
301 2898 435 2994 appulsa
454 2898 499 2970 ad
516 2897 617 2970 latera
638 2891 789 2967 diffluere
807 2897 952 2992 nequit,
978 2891 1002 2964 st
1024 2898 1166 2990 quidem
1191 2893 1280 2969 srntts
1303 2895 1433 2970 directe
1454 2898 1575 2974 vetslts

131 3023 215 3073 eam
238 2987 369 3097 plagam
396 3021 506 3095 pateat
518 3048 529 3084 ‚
555 2999 646 3069 unde
667 3018 754 3090 aqua
774 2996 964 3068 advehitur.
1019 2995 1075 3069 Ex
1091 2999 1143 3068 his
1169 2997 1274 3094 igitur
1297 3019 1369 3088 non
1392 2993 1502 3074 solum
1519 3023 1574 3088 taff·

130 3103 188 3172 tio
215 3123 331 3195 patet,
357 3123 416 3170 cur
435 3121 523 3198 aqua
542 3097 611 3168 fere
634 3097 763 3188 ubique
781 3097 955 3196 adplittora
972 3095 1018 3168 ad
1038 3098 1148 3170 multo
1173 3099 1336 3191 majorem
1356 3097 1573 3188 altitudinem
1680 3160 1683 3170 .

129 3201 300 3288 elevetur,
327 3199 432 3294 quim
455 3200 491 3268 in
505 3197 629 3292 ,medio
649 3193 751 3275 Mati,
778 3193 955 3267 sedetiam
979 3220 1037 3266 cur
1059 3195 1209 3270 Bristolii
1231 3221 1299 3268 tam
1319 3198 1468 3270 enormis
1489 3197 1521 3270 F
1522 3199 1579 3282 lu·⁴

127 3326 200 3373 xus
220 3301 307 3372 circa
324 3301 484 3397 syzygias
508 3295 724 3368 luminarium
747 3293 963 3376 observatum
989 3295 1066 3366 ciam
1088 3299 1180 3368 enim
1203 3299 1241 3369 in
1263 3293 1327 3367 hic
1355 3299 1495 3394 regione
1515 3298 1574 3370 lit·

8 3409 14 3416 ·
127 3425 189 3476 tus
213 3398 253 3473 stt
274 3399 372 3472 valdd
394 3395 561 3481 sinuosum
584 3420 622 3466 ac
649 3392 838 3484 vadosum,
875 3419 962 3490 aqua
982 3395 1131 3468 maximi
1157 3397 1195 3468 vi
1225 3395 1426 3492 appellitur,
1461 3421 1574 3493 neque

126 3509 178 3578 ob
205 3495 430 3572 srnuosrtatem
452 3521 520 3572 tam
549 3495 618 3570 citd
642 3491 795 3569 diffluere
819 3493 937 3594 potest.
982 3493 1125 3593 „Atque
1151 3521 1195 3570 ex
1218 3498 1273 3568 his
1304 3497 1479 3593 principiis
1502 3522 1575 3582 non

124 3605 200 3677 erit
221 3601 357 3674 difficile
377 3603 541 3675 tationem
567 3593 841 3670 inconsuetotum
867 3594 1035 3684 aestuum,
1071 3603 1130 3695 qui
1162 3593 1277 3694 pallim
1299 3598 1335 3668 in
1364 3598 1468 3670 variis
1491 3623 1578 3695 por*¹

123 3706 235 3776 tubus
257 3703 595 3782 animadvertuntur,
619 3699 769 3770 indicate
796 3693 897 3796 atque
918 3699 1112 3796 explicare3
1149 3699 1371 3795 quamobrem
1390 3699 1490 3792 hujus
1511 3719 1573 3796 ger
1611 3709 1616 3720 “

122 3803 224 3877 neris
247 3801 480 3876 Phaenomenis
502 3800 708 3899 explicandis
730 3799 858 3870 diutiits
876 3823 947 3870 non
970 3802 1208 3885 itnmosamur,
1247 3799 1327 3872 citm
1350 3794 1573 3898 conlsstdetatin¹

119 3906 286 3978 littorum
306 3907 345 3978 δι
368 3899 501 3977 Fluxits
522 3926 615 4000 aquae
636 3901 678 3972 ed
705 3897 822 3998 sponte
845 3895 936 3994 quast
956 3903 1170 3978 manuducat.
1239 3943 1245 3956 ·

186 4005 220 4096 §·
251 4007 333 4080 116.
387 4000 558 4090 Quamvis
589 4023 702 4072 autem
728 3997 979 4101 tanhnffluxus
1014 4029 1109 4100 aquae
1135 4027 1178 4074 ert
1203 4000 1347 4077 Oceano
1372 3997 1572 4090 Atlantion}

116 4103 241 4206 quiam
261 4101 427 4181 Refiurtus
446 4129 505 4203 pet
526 4103 651 4178 fretum
673 4099 821 4176 Galliam
841 4103 883 4174 ab
900 4099 1033 4201 Anglia
1055 4106 1244 4195 dirimens,
1280 4101 1411 4200 ingenti
1431 4099 1493 4272 filat
1512 4125 1572 4180 ce«,

1465 4225 1571 4289 etatae

164 4422 244 4506 ‘(†)
263 4425 308 4488 lta
328 4427 357 4504 le
379 4427 433 4488 ltttt
458 4427 585 4490 inertem
607 4423 659 4488 lati
680 4424 827 4493 latissao,
845 4423 1051 4504 proculdubio
1070 4423 1226 4490 mendosi,
1244 4423 1292 4486 sed
1310 4425 1408 4486 locum
1424 4420 1576 4490 restincta

111 4512 193 4568 iton
211 4501 301 4562 sumus
322 4447 398 4592 aul;
426 4506 471 4592 ab,
486 4505 560 4581 ostio
583 4442 745 4591 garumna¹
760 4504 795 4565 ad
822 4504 982 4564 Dublinum
1006 4503 1161 4582 quingenta
1183 4499 1299 4588 cirqiter
1319 4500 1421 4588 Italica
1436 4497 1573 4588 milliaria
1674 4503 1676 4508 ’

108 4596 324 4643 numerantur
336 4599 379 4640 vra
403 4581 573 4648 tantuma,
594 4603 656 4659 quae
680 4579 761 4642 hotta
783 4599 799 4651 7
820 4582 839 4639 d
858 4579 930 4637 flatu
945 4595 1145 4660 percurruntur
1163 4596 1213 4655 qur
1233 4579 1301 4638 tdeo
1320 4597 1356 4648 70
1373 4573 1504 4638 mtllratta
1519 4575 1574 4635 fin·

104 4651 360 4818 gulisgqffid
385 4655 531 4735 maiatum
554 4658 759 4740 suscitetur,
795 4655 871 4733 stads
892 4661 931 4729 le
953 4656 1088 4738 milliaria
1110 4671 1163 4732 pra
1187 4651 1397 4737 milliaribus
1422 4649 1575 4729 scribenda

104 4749 216 4816 wll
230 4803 236 4808 .
527 4797 532 4802 .
1285 4789 1288 4796 .
