4354 5678
618 381 677 438 vr
1010 353 1643 441 INTRODUCTIO

616 489 818 590 Eclipticam
843 493 949 581 secet,
981 497 1037 569 cui
1065 518 1186 592 nempe
1216 492 1308 567 Coeli
1329 491 1405 564 loco
1430 487 1653 586 respondeant
1678 482 1749 580 eiut
1774 477 1873 558 Nodi
1882 536 1896 574 ,
1922 481 2036 587 quiin

615 593 679 664 hec
705 593 885 697 hypothes
921 591 983 666 fixi
1008 595 1139 684 forent,
1177 597 1217 668 δι
1246 617 1396 690 quonam
1421 589 1547 688 angulo
1584 585 1709 680 Orbita
1738 585 1846 660 Ltmae
1872 587 1961 662 foret
1987 592 2036 662 in·
2139 659 2140 666 ,

615 691 736 766 clinata
758 697 803 770 ad
824 696 1049 793 Eclipticam,
1074 698 1193 783 unde,
1218 696 1381 791 quoniam
1408 715 1446 766 er
1476 689 1648 764 inclinatio
1678 683 1830 758 constant
1852 683 1955 780 effer,
1977 689 2034 764 dis·

615 797 720 866 tantid
762 795 870 869 Lunae
907 798 928 869 ri
958 797 1057 893 plano
1091 796 1263 892 Eclipticae
1302 819 1361 894 per
1392 787 1669 891 perpendiculum
1695 783 1910 904 mut-rsuram,
1956 788 2036 863 soret

617 889 744 992 semper
768 901 1019 996 proportionale
1043 895 1205 969 distantiae
1233 892 1499 992 perpendiculari
1529 892 1637 962 Lunae
1661 887 1683 960 fa
1714 886 1822 960 Lruea
1846 890 2036 978 nodorum,

617 993 732 1090 itaque
757 1021 801 1070 ex
824 1000 962 1094 cognito
988 998 1064 1068 loco
1086 989 1196 1070 Lunae
1219 999 1259 1069 bc
1281 995 1467 1068 Nodorum
1484 988 1641 1088 cognosci
1664 989 1788 1084 poterit
1812 1011 1962 1084 quonam
1984 989 2036 1062 sub

616 1091 761 1190 Angulo
787 1097 888 1169 Luna
913 1101 955 1170 ab
976 1096 1142 1194 Ecliptica
1164 1093 1284 1212 distare
1313 1097 1468 1170 videatur
1494 1115 1538 1166 ex
1562 1085 1638 1192 ipsi·
1658 1087 1770 1168 terrie
1797 1091 1835 1162 δι
1858 1091 1904 1164 ad
1928 1092 2035 1186 quod-

618 1217 705 1367 ¹²²2}
725 1197 1112 1394 llllffisstfflli
1134 1197 1411 1369 {libellis
1443 1294 1531 1366 son
1556 1285 1806 1365 aaronem
1830 1289 1952 1364 aare
1975 1287 2037 1367 n
2138 1297 2143 1566 p

617 1401 813 1471 tronotnicae
847 1399 998 1472 Lunares
1025 1399 1098 1470 baec
1132 1398 1303 1470 continere
1329 1396 1498 1468 debebunt

673 1567 731 1638 10.
770 1565 947 1665 Epocham
974 1565 1062 1641 Loci
1090 1569 1199 1642 Lunae
1222 1572 1302 1642 dato
1324 1569 1438 1666 aliquo
1463 1591 1641 1665 tempore;
1678 1591 1753 1642 tum
1776 1563 2037 1640 observationem

616 1664 684 1735 loci
713 1663 862 1762 Apogaei
889 1671 984 1764 quod
1020 1665 1130 1742 fixum
1162 1693 1344 1759 maneret,
1383 1674 1423 1745 bt
1458 1669 1727 1747 observationem
1756 1667 1824 1741 loci
1859 1661 2038 1742 Nodorum

618 1766 740 1859 pariter
766 1763 922 1842 fixorum.
1485 1787 1489 1798 '

507 1927 534 1983 .’
667 1914 784 1991 Postea
811 1922 983 1996 continere
1012 1923 1183 1998 debebunt
1214 1923 1361 1998 tabulam
1385 1946 1498 1996 motus
1535 1921 1671 2010 medii,
1707 1945 1781 1995 tum
1806 1919 1955 1992 tabulam
1980 1917 2039 1992 AE-

615 2021 787 2116 quationis
813 2020 922 2093 Lunae
958 2023 1143 2096 secundum
1166 2023 1237 2116 eius
1268 2021 1457 2098 distantiam
1479 2027 1626 2105 mediam
1661 2025 1702 2095 ab
1737 2021 1896 2120 Apogaeo
1908 2044 1922 2106 3
1948 2023 2039 2091 tebu-
2144 2055 2145 2118 p

615 2117 684 2191 lam
718 2119 903 2194 latitudinis
940 2121 1049 2196 Lunae
1086 2123 1270 2198 secundum
1301 2129 1429 2197 variam
1465 2121 1655 2196 distantiam
1681 2123 1791 2196 Lunae
1822 2115 1974 2193 iNodo
2003 2121 2039 2190 dr
2144 2135 2145 2138 ’

616 2221 765 2316 denique
794 2223 940 2296 tabulam
965 2223 1173 2298 reductionis
1201 2224 1309 2298 Lunae
1334 2227 1378 2298 acl
1408 2223 1610 2324 Eclipticam
1622 2273 1634 2314 ,
1672 2223 1860 2298 secundum
1883 2242 1959 2294 eam
1979 2215 2041 2292 dis·

617 2321 758 2392 tantiam
785 2321 893 2396 Lunae
919 2321 1079 2396 bNodo.

670 2443 810 2520 Possunt
834 2450 887 2520 hit
912 2449 1017 2537 addi,
1048 2450 1159 2524 tabula
1190 2448 1420 2524 distantiarum
1435 2449 1558 2524 Lunae
1585 2450 1606 2523 ai
1634 2446 1745 2524 Terre
1769 2448 1952 2522 secundum
1976 2441 2043 2538 ejus
2145 2459 2146 2462 ’

617 2541 808 2618 distantiam
834 2553 875 2622 ab
903 2549 974 2643 ejus
1002 2547 1186 2648 Apogaeo‚
1212 2552 1332 2642 ,rabula
1358 2549 1614 2625 Diamerrorum
1640 2548 1713 2642 ejus
1743 2547 1976 2648 apparentium
2000 2541 2043 2615 se-

618 2647 771 2730 cundum
795 2650 950 2722 eamdem
970 2648 1160 2740 distantiam
1181 2657 1225 2726 ab
1250 2655 1420 2748 Apogaeo,
1447 2655 1486 2724 δι
1512 2655 1660 2748 denique
1685 2649 1818 2724 Tabula
1842 2646 2044 2720 Patellaxeot
2146 2659 2147 2692 l

618 2747 689 2840 qud
712 2749 912 2844 deprimitur
938 2750 1037 2824 Luna
1063 2751 1216 2846 respedlu
1241 2750 1433 2847 spectatoris
1455 2753 1492 2824 in
1515 2745 1691 2852 superficie
1716 2751 1844 2824 telluris
1867 2745 2044 2830 collocati,

617 2858 722 2944 ‘prout
747 2848 877 2923 diversa
903 2845 949 2922 est
972 2851 1042 2944 ejus
1071 2850 1092 2926 ir
1116 2849 1226 2926 Terra
1247 2847 1424 2942 distantia,
1461 2855 1501 2926 δι
1530 2875 1634 2950 prout
1657 2851 1801 2948 altitudo
1831 2848 1930 2948 supra
1959 2843 2045 2916 bori-

620 2968 760 3020 zontem
782 2946 829 3021 est
855 2949 995 3023 diversa.
1302 3003 1305 3010 ,
1533 3011 1539 3028 ,
2147 2963 2148 2976 ³

671 3043 768 3121 Talis
794 3049 885 3124 foret
905 3073 975 3121 tota
997 3049 1041 3122 de
1068 3049 1168 3124 Luni
1194 3049 1346 3124 Theoria
1361 3103 1377 3142 ,,
1408 3054 1490 3126 citra
1517 3051 1616 3126 Solit'
1629 3049 1821 3132 adiionemt
1858 3046 1917 3120 sed
1942 3043 2046 3140 jamri

620 3143 728 3244 longo
756 3171 908 3246 tempore
934 3151 1171 3222 intellexerunt
1194 3147 1398 3242 Albonorni
1417 3153 1571 3226 Lunares
1595 3155 1708 3224 motus
1729 3152 1750 3224 ai
1773 3152 1883 3226 Lunae
1900 3141 1965 3219 fitu
1986 3139 2047 3217 res·

618 3245 725 3344 pediu
756 3249 845 3324 Solis
867 3251 1056 3348 plurimum
1083 3252 1237 3338 turbari,
1272 3255 1368 3327 unde
1397 3255 1507 3328 variat
1532 3251 1787 3341 conetuones,
1822 3245 1894 3322 five
1918 3246 2050 3344 AEqur÷

623 3347 735 3422 tiones
759 3352 858 3422 variis
885 3352 991 3424 titulis
1012 3353 1213 3424 concinnare.
1235 3351 1312 3424 sunt
1336 3357 1457 3427 conati.

493 3473 497 3484 ·
571 3493 572 3498 =
673 3450 794 3539 'Quam
816 3451 999 3526 luculenter
1015 3477 1058 3526 ex
1078 3452 1263 3525 Gravitatis
1278 3449 1443 3542 Theorii,
1469 3457 1631 3548 beenon
1647 3447 1753 3526 modd
1766 3450 1979 3552 explicentur
1997 3441 2051 3518 sed

627 3550 730 3622 etiam
755 3573 907 3622 accurato
937 3551 1064 3622 calculo
1088 3553 1355 3625 determinentur
1383 3551 1608 3628 demonstrare
1638 3549 1808 3652 eggressus
1832 3547 1880 3625 esl
1904 3545 2051 3624 Neute-

628 3671 715 3734 nus,
740 3649 779 3720 δε
800 3674 992 3723 εειεόιπηεε
1016 3649 1238 3744 AEquationet
1254 3674 1331 3747 quae
1352 3679 1395 3726 ex
1420 3655 1502 3728 Sole
1525 3657 1684 3751 pendent,
1709 3654 1842 3727 calculis
1871 3675 1915 3723 ex
1937 3643 2053 3720 Theo·

627 3747 680 3820 rid
711 3745 768 3818 sui
796 3748 951 3822 dedudlit
968 3752 1024 3838 tita
1047 3747 1187 3824 feliciter
1209 3748 1321 3824 statuit
1345 3777 1384 3825 ut
1410 3778 1524 3828 motus
1552 3756 1661 3829 Lunae
1691 3754 1806 3848 ejusve
1831 3747 2055 3845 metrone

627 3873 672 3922 ex
700 3845 827 3920 calculo
854 3873 994 3944 reperte
1019 3851 1057 3922 in
1091 3852 1223 3924 minuto
1254 3850 1401 3926 secundo
1425 3878 1484 3927 aut
1508 3855 1614 3953 prope
1651 3877 1731 3930 cum
1762 3855 1804 3926 iit
1831 3875 1908 3949 quae
1935 3848 1980 3922 ab
2004 3871 2055 3918 ac·

630 3948 851 4022 curatioribus
875 3949 1142 4024 observatoribus
1166 3953 1382 4026 determinari
1407 3977 1591 4054 potuerunt
1614 3955 1822 4030 consentiant
1833 4001 1845 4042 ,
1877 3949 1977 4048 quod
1999 3961 2081 4020 au·'

631 4049 803 4122 toritatem
827 4051 992 4147 integram
1015 4051 1065 4123 illi
1087 4049 1247 4127 Theoriae
1269 4057 1433 4129 conciliat.
1485 4055 1617 4130 Calculi
1643 4079 1757 4129 autem
1781 4053 1853 4139 illi,
1888 4075 1954 4124 nec
1978 4046 2058 4120 saci·

631 4147 680 4222 let
706 4148 805 4238 sunt,
838 4173 901 4222 nec
926 4149 1179 4248 compendiosa,
1216 4179 1279 4227 nec
1306 4153 1435 4254 semper
1461 4155 1642 4230 commodi
1674 4151 1764 4228 ads
1782 4151 1969 4226 ntheticam
1996 4146 2060 4219 sor·

631 4273 723 4326 mam
753 4252 969 4342 reducendi;
1005 4249 1108 4342 Quot
1135 4251 1329 4329 Nthonut
1359 4259 1425 4332 nac
1445 4257 1566 4350 ultimi
1599 4258 1730 4331 ratione
1811 4253 1899 4325 etori
1925 4248 1988 4323 suo
2011 4243 2060 4319 fis·

631 4371 703 4424 tere
737 4353 849 4447 potuit
874 4377 935 4427 eos
959 4351 1131 4428 enucleati
1158 4356 1282 4445 tradit,
1307 4381 1442 4434 ceteros
1468 4359 1596 4431 omittit
1621 4361 1662 4432 dc
1680 4356 1777 4453 quod
1800 4379 1844 4428 ex
1865 4353 1907 4425 iis
1929 4351 2062 4422 obtine·

632 4471 687 4520 tur
708 4445 848 4522 strictim
866 4453 903 4525 in
927 4455 1067 4528 Scholio
1092 4457 1229 4540 indicat,
1255 4449 1427 4554 &primo
1450 4460 1565 4560 quales
1583 4455 1647 4532 srnt
1670 4457 1735 4532 ille
1757 4453 1966 4551 aquationes
1990 4451 2061 4541 iux·

629 4568 665 4623 ta
686 4547 973 4629 Aslronotnorum
1011 4555 1258 4634 observationes
1290 4559 1440 4638 dicit&
1470 4557 1672 4666 quibuscum
1696 4557 1851 4662 Legibus
1878 4551 2062 4748 secunffl
