4354 5678
621 463 705 576 3'64‘
800 567 804 578 ⁴
869 453 1555 580 ·'luQ-ursrrld'l’irrri‚ca’ru
1593 482 1799 560 causan,

617 585 786 682 letlrate',
811 592 923 691 tamen
948 595 1024 670 clim
1045 593 1162 670 vertite
1185 591 1348 691 Belgium
1376 591 1588 668 foederar'um'
1607 592 1704 669 Mare
1731 619 1815 666 mox
1841 596 2048 670 vehementer

629 698 816 781 dilatetur,
849 692 974 766 abillo
1000 697 1128 768 alterno
1153 693 1269 768 Fluxu
1294 721 1334 768 ac
1369 693 1523 769 Refluxu
1550 690 1693 767 altitudo
1717 693 1822 767 Maris
1850 699 1888 767 in
1920 696 2048 771 Oceani

618 798 841 868 ‘Germanico
861 791 1054 866 senfibiliter
1078 795 1201 868 mutari
1214 799 1342 890 nequir.
1393 795 1513 891 Atque
1535 797 1621 866 hanc
1634 797 1678 866 ob
1699 794 1827 867 causam
1843 793 1940 869 statui
1958 822 2048 890 opot-

627 919 692 984 ret,
718 899 755 968 in
778 899 844 967 hoc
867 893 957 966 Mati
982 895 1096 968 aestum
1113 894 1280 994 proficisci
1302 898 1483 967 maximam
1505 907 1634 990 partem
1658 897 1699 965 ab
1720 893 1847 970 affluxu
1867 900 1905 970 δι
1931 897 2051 969 relluxu

536 1018 540 1030 ¹
629 1021 728 1095 aquae
750 999 837 1085 circa
863 995 1029 1077 scotiam,
1064 1000 1124 1069 ubi
1141 999 1401 1070 communicatio
1420 997 1519 1092 hujus
1541 995 1647 1067 Maris
1667 1019 1744 1066 cum
1769 997 1910 1070 Oceano
1939 997 2050 1067 Arlan-

616 1100 703 1168 ‘ri'co'
736 1097 844 1168 multo
874 1095 981 1186 major
1011 1120 1101 1190 patet
1114 1123 1125 1178 3
1161 1121 1263 1192 quam
1285 1096 1480 1170 sententiam
1506 1118 1709 1191 magnopere
1737 1095 1915 1168 confirmat
1943 1099 2049 1193 ingens

631 1193 780 1270 aestuum
800 1198 980 1269 retardatio
1010 1199 1054 1266 ad
1077 1197 1189 1268 littora
1216 1195 1328 1291 Belgii
1358 1200 1397 1268 δι
1424 1195 1562 1292 Angliae
1593 1195 1765 1268 orientalia
1784 1195 1980 1283 observata,
2015 1201 2048 1268 ad

622 1295 730 1370 'Ostia
754 1296 878 1369 scilicet
902 1291 1070 1370 Tla'athifis
1095 1297 1256 1392 pertingit
1278 1296 1410 1391 F'lpxus
1429 1291 1546 1394 elapsu
1571 1295 1636 1386 jam
1658 1297 1840 1368 duodecim
1863 1299 1957 1368 horis
1987 1295 2048 1394 poll

628 1393 804 1472 transitum
835 1397 944 1469 Lunae
982 1419 1041 1490 per
1075 1399 1322 1484 meridianum,
1361 1421 1462 1493 arque
1496 1397 1695 1468 Londinum
1720 1398 1825 1492 usque
1861 1400 1967 1468 tribus
1991 1398 2047 1469 seri

629 1501 724 1570 horle
745 1498 872 1572 tardius
898 1496 1075 1584 defertur3
1114 1499 1221 1592 quod·
1235 1494 1486 1578 Phaenomenon
1512 1491 1684 1566 consistere
1709 1521 1783 1566 non
1805 1494 1912 1594 pollet
1933 1493 1955 1566 s1
1975 1522 2048 1592 aqua

627 1619 691 1692 per
712 1597 842 1670 fierunt
860 1597 1031 1686 Gallicum
1058 1595 1164 1680 solum
1187 1621 1407 1685 moveretur,
1433 1597 1512 1668 crim
1537 1596 1603 1688 jam
1622 1597 1658 1666 in
1677 1595 1748 1692 ipso
1773 1598 2047 1670 freto-duodecim

622 1700 932 1794 'horia'retarderlr'r
949 1697 1093 1784 Flurtus.
1147 1695 1289 1770 Interim
1314 1722 1426 1774 tamen
1445 1697 1561 1790 negari
1582 1721 1652 1766 non
1676 1693 1782 1792 potest
1805 1700 1889 1792 quin
1900 1723 2048 1770 commu-

622 1799 756 1874 nirano
772 1797 895 1874 'Marii'
908 1799 1108 1873 Germanici
1130 1822 1207 1872 cum
1232 1792 1372 1874 Oceano
1390 1795 1563 1869 Atlantico
1583 1820 1644 1890 per
1665 1796 1789 1868 fretum
1807 1801 1977 1880 Gallicum
1998 1799 2044 1870 aes-

628 1919 710 1994 tum¹
734 1901 987 1995 quoadmt'n'odo
1014 1899 1167 1988 alliciar,
1203 1922 1304 1994 arque
1331 1899 1484 1972 Fluxum
1513 1897 1574 1992 qui
1601 1897 1687 1966 circa
1706 1898 1856 1970 Scotiam
1879 1902 2048 1972 advehitur

535 2043 549 2054 =
626 2000 687 2071 -vel
711 2001 851 2096 adjuvet
873 2002 929 2072 vel
945 2003 1058 2091 turber
1067 2052 1080 2088 ,
1106 1999 1263 2096 prouehi
1291 2003 1390 2071 ambo
1410 2021 1522 2068 motus
1542 1997 1586 2067 ad
1608 1992 1705 2068 Mare
1720 1999 1923 2071 elevandum
1933 2023 1977 2071 ac
1997 2004 2046 2071 de·

597 2173 601 2176 .
626 2102 848 2196 'primendum
868 2101 924 2197 vel
951 2105 1058 2196 magis
1077 2099 1164 2173 inter
1187 2099 1435 2202 secunspirent
1456 2097 1512 2190 vel
1535 2098 1656 2196 miuus.
1710 2099 1819 2171 Simul
1844 2123 1957 2173 autem
1978 2104 2048 2172 hinc

627 2201 832 2298 intelligitur
853 2199 968 2272 aestum
988 2200 1097 2286 Maris¹
1124 2225 1167 2272 ex
1189 2201 1331 2273 Oceano
1353 2197 1526 2282 Atlantico
1549 2219 1660 2294 neque
1681 2223 1758 2274 cum
1782 2197 1871 2270 Mali
1893 2201 2047 2274 Mediter·

624 2320 734 2376 nanee
751 2305 980 2398 inequescum
1017 2299 1108 2372 Mari
1135 2297 1265 2372 Baltico
1287 2300 1526 2394 communicari
1555 2293 1672 2397 polle,
1707 2301 1784 2372 clrm
1804 2301 1982 2372 intervallo
1999 2301 2047 2374 sur

622 2403 791 2474 horarum
827 2392 992 2498 pet'frera'
1020 2399 1492 2484 Herculea,&“Ore'sundica
1519 2401 1649 2470 tantum
1677 2402 1828 2496 aquar=in
1858 2405 1930 2474 hart
1955 2405 2045 2474 maria

630 2503 758 2597 neque*
772 2497 905 2574 affluere
925 2525 1026 2598 queat
1046 2527 1157 2599 neque
1176 2501 1255 2572 ind'e
1275 2497 1464 2581 reffluere,
1481 2521 1519 2570 ut
1539 2495 1694 2573 senfibilis
1719 2503 1862 2573 mutatio
1882 2505 1921 2574 in
1941 2503 2046 2576 altitu·-

627 2601 722 2674 dine'
739 2607 834 2698 aqu'ae
853 2605 1069 2698 oriri-queat·
1120 2601 1354 2688 Quamobrem
1381 2601 1418 2670 in
1441 2595 1626 2672 istiusmodi
1651 2604 1797 2673 maribus
1820 2627 1897 2697 quae
1923 2601 2044 2676 dvallo

626 2699 776 2775 Oceano
794 2725 925 2778 tantuna
943 2700 1089 2798 angustis
1117 2703 1208 2779 fretis
1236 2701 1443 2797 separantur,
1469 2697 1564 2774 aestus
1585 2705 1725 2776 omnino
1745 2703 1854 2775 nullus
1881 2707 2047 2800 continge·

630 2825 668 2876 re
694 2799 825 2898 potest,
861 2800 938 2886 nisu
947 2805 1037 2886 forre
1062 2803 1139 2874 talla
1156 2798 1405 2874 mariaTerris
1428 2798 1551 2872 inclusa
1583 2799 1651 2896 ipsa
1675 2825 1744 2875 tam
1771 2799 1834 2874 smt
1860 2805 1990 2901 ampla,
2012 2827 2045 2874 ut

626 2905 721 2976 viter
746 2903 839 2977 Solis
862 2929 900 2978 ac
921 2903 1030 2978 Lunae
1047 2901 1160 2994 allum
1186 2901 1388 3004 peculiarem
1411 2903 1448 2975 in
1470 2902 1510 2976 iis
1532 2903 1718 3002 producere
1740 2928 1893 3008 queam3
1923 2907 1990 3002 qud
2009 2908 2047 2978 de

627 3027 668 3079 te
687 3021 769 3110 mpx
791 3007 993 3090 videbimus.
1101 3001 1103 3010 '
1236 3032 1241 3044 ·

605 3106 833 3206 ¹‘'³§.2'11'p
870 3105 1189 3194 'Quemadmodum
1214 3131 1327 3181 autem
1352 3109 1501 3183 vidimus
1526 3111 1563 3184 in
1589 3107 1687 3185 Mari
1709 3107 1915 3190 Germanico
1940 3108 2047 3202 dupli⁴

622 3211 704 3292 terp'
724 3201 839 3295 aestum
853 3234 876 3295 ‚¹
891 3231 1037 3304 quorum
1055 3205 1240 3305 alter,'qui
1260 3211 1400 3304 quidem
1417 3211 1518 3308 longe
1540 3207 1586 3285 cll
1605 3214 1726 3293 minor,
1752 3236 1811 3308 per
1831 3211 1955 3282 fretum
1973 3208 2048 3279 Gal·

628 3305 761 3395 licum,
785 3310 867 3382 alter
894 3311 981 3380 circa
1005 3309 1156 3381 Statium
1182 3301 1362 3382 advehitur
1390 3321 1436 3385 erl
1461 3313 1583 3384 eodem
1606 3312 1748 3384 Oceano
1777 3309 1981 3384 Atlantico:
2008 3310 2050 3378 ita

549 3454 551 3458 >
626 3411 765 3504 propter
788 3405 989 3504 singularem
1017 3409 1170 3480 littorum
1198 3413 1427 3505 quorumdam
1456 3409 1556 3484 strum
1580 3409 1744 3484 mirabilia
1775 3411 2000 3484 Phaenomena
2017 3411 2051 3478 in

627 3503 708 3578 'vestu
741 3506 846 3579 Maris
875 3511 1012 3581 evenire
1043 3505 1193 3604 pollone
1251 3509 1363 3598 Qudd
1388 3509 1411 3583 st
1435 3515 1527 3586 enirn
1550 3513 1642 3586 littus
1669 3512 1856 3608 quodpiam
1885 3513 1934 3582 ita
1956 3510 2053 3582 fuerit

622 3625 885 3701 ‘comparatum
909 3631 948 3704 ut
973 3605 1067 3681 aestut
1096 3612 1132 3681 in
1151 3609 1338 3707 id'duplici
1363 3613 1422 3685 vid
1444 3615 1499 3686 vel
1520 3615 1704 3692 exeodem
1730 3611 1892 3699 Oceano,
1936 3613 1994 3683 vel
2011 3633 2052 3681 ex

578 3710 587 3728 “
627 3703 767 3780 diversis
789 3710 1079 3796 communicetur,
1116 3713 1244 3784 ratione
1269 3717 1453 3810 temporit,
1488 3738 1558 3809 quo
1588 3715 1661 3784 bini
1678 3709 1843 3796 istiaestus
1866 3713 2056 3783 adveniunt

625 3803 774 3902 lnhgnes
792 3809 1019 3906 discrepantiae
1048 3812 1128 3882 oriri
1150 3834 1321 3910 poterunt.
1381 3810 1473 3885 Nam
1493 3810 1517 3884 sr
1538 3838 1598 3912 per
1619 3835 1796 3910 utramque
1815 3816 1908 3886 viam
1925 3812 2056 3885 Fluxus

627 3910 751 3980 eodem
770 3932 921 4006 tempore
944 3912 1151 3993 advehatur,
1177 3933 1278 4006 atque
1300 3910 1388 3997 adeo
1408 3909 1504 3987 simul
1526 3911 1695 3988 Refluxue
1718 3937 1923 4012 congruant,
1963 3909 2056 3984 aestus

626 4009 736 4081 multo
763 4011 903 4104 majores
919 4007 1057 4084 existere
1078 4014 1263 4087 debebunt.
1299 4015 1377 4094 ,Sin
1402 4039 1516 4089 autem
1540 4041 1581 4088 eo
1602 4039 1754 4112 tempore
1764 4009 1780 4100 ’,
1804 4038 1876 4112 quo
1894 4040 1958 4111 per
1977 4015 2057 4086 alte·

627 4129 700 4182 ram
728 4113 819 4182 viam
849 4111 980 4185 Fluxus
1011 4113 1172 4197 advenit,
1209 4137 1252 4186 ex
1276 4115 1377 4188 altera
1403 4119 1463 4188 vid
1488 4112 1658 4188 Refluxus
1682 4109 1829 4203 incidat,
1854 4137 1931 4188 rum
1964 4111 2060 4187 astur

626 4213 769 4288 omnino
791 4209 976 4285 destruetur
1001 4208 1186 4308 siquidem
1208 4237 1268 4309 per
1298 4239 1474 4312 utramque
1501 4218 1593 4288 viam
1614 4239 1701 4310 aqua
1721 4217 1841 4310 aequali
1862 4215 1920 4286 vel
1948 4209 2060 4300 affluat

628 4312 685 4384 vel
707 4309 843 4385 defluat.
895 4309 958 4384 Ad
980 4315 1045 4383 hoc
1068 4313 1153 4386 verd
1174 4337 1243 4384 non
1265 4315 1384 4388 sufficit
1405 4319 1510 4390 ambae
1530 4317 1594 4390 viae
1615 4312 1678 4387 stnr
1701 4317 1853 4412 aequales,
1880 4315 2059 4388 sedetiam

628 4414 810 4505 requiritur
833 4433 872 4486 ut
898 4413 969 4485 bini
992 4409 1085 4488 aest'ur
1104 4411 1275 4502 ¹succeffivi
1299 4413 1362 4487 smr
1388 4417 1552 4514 aequales,
1577 4418 1615 4489 id
1636 4419 1732 4512 quod
1766 4416 1883 4490 evenit
1908 4411 1940 4486 ll
1962 4414 2063 4488 Luna

628 4511 685 4580 'vel
711 4532 781 4580 non
816 4513 934 4587 habear
965 4512 1252 4603 declinationem,
1285 4517 1340 4588 vel
1362 4517 1454 4590 littus
1488 4519 1525 4588 in
1557 4533 1725 4614 arquatore
1743 4511 1863 4589 '‘fuerir
1898 4513 2061 4611 politum.

629 4607 744 4702 Quod
768 4605 792 4690 st
812 4634 925 4691 aurem
947 4616 1065 4690 eadem
1092 4615 1219 4708 duplici
1238 4617 1542 4710 communicatione
1564 4613 1695 4713 postte,
1720 4641 1788 4692 taur
1809 4615 1918 4694 Luna
1943 4620 2065 4690 habear

612 4709 910 4814 pemmonem,
945 4712 1050 4814 quiam
1075 4711 1169 4790 littus
1194 4716 1386 4796 notabiliter
1413 4723 1453 4796 ab
1473 4741 1643 4816 arquatore
1667 4713 1708 4791 fit
1727 4739 1883 4802 monum
1919 4741 2002 4791 rum
2021 4719 2068 4788 ob

1458 4855 1459 4859 ¹
1956 4841 1957 4844 ’
1989 4841 2073 4896 mart

955 4945 959 4956 ¹
975 4941 991 4973 ἱ
