4380 5678
487 444 490 466 ι
606 419 690 512 '2'36
794 359 1910 518 lnonrstrsol’nrt,rcnlucrosam

615 571 768 652 quaerens
780 597 791 640 ,
817 547 911 644 cujus
934 543 1113 641 explicatio
1139 563 1221 612 mox
1250 537 1326 612 satis
1353 533 1502 612 dilucide
1520 529 1567 610 est
1588 533 1753 614 subversa
1806 537 1963 642 Superest
1985 539 2045 618 de·

550 647 555 658 ’
619 656 725 754 nique
754 647 921 724 Nevtoni
949 647 1104 733 theoria,
1137 664 1214 738 quat
1238 642 1374 714 nemine
1396 639 1647 722 contradicente
1670 640 1906 719 Phaenomenis
1939 645 2046 718 multd

588 764 596 772 '
620 754 727 849 magis
752 747 799 826 est
823 747 1062 825 consentanea:
1089 767 1122 818 at
1147 746 1240 816 inea
1259 743 1299 842 id·
1321 739 1431 839 ipsum
1455 741 1551 839 quod
1569 743 1637 816 hoc
1657 741 1734 816 loco
1754 747 1929 842 quaritur,
1954 745 2049 826 causa

592 854 743 928 'scilicet
770 847 927 950 phyfica,
954 873 1025 920 non
1045 843 1241 944 affigantur,
1275 841 1333 916 sed
1355 844 1470 940 potius
1492 843 1536 916 ad
1562 842 1736 940 qualitates
1759 847 1906 921 occultas
1933 845 2048 924 referri

623 957 784 1036 videtur5
810 953 947 1024 interim
974 972 1086 1024 tamen
1109 945 1250 1018 ne‘haec
1272 945 1413 1042 quidem
1432 945 1563 1018 theoria
1583 942 1659 1018 satit
1680 941 1728 1018 est
1749 949 1913 1037 evoluta,
1945 969 1986 1020 ut
2009 947 2050 1021 de

623 1056 695 1150 ejus
716 1049 785 1126 srve
808 1050 970 1128 consensu
993 1047 1063 1126 stve
1084 1042 1230 1126 dissensu
1247 1068 1326 1121 cum
1352 1041 1640 1122 observationibus
1661 1045 1826 1144 judicium
1844 1048 1920 1136 satis
1942 1071 2052 1126 natum

622 1155 704 1233 ferri
730 1175 842 1251 queat.

590 1333 592 1340 ,
676 1258 709 1352 §.
737 1259 772 1332 6.
827 1251 1045 1348 elmigisus
1071 1249 1214 1327 dubium
1236 1243 1275 1323 lic
1296 1247 1451 1338 nullum,
1476 1247 1560 1346 quin
1580 1245 1961 1328 FluxluacRelluxirs
1980 1248 2055 1325 Ma:

626 1358 672 1432 ris
701 1355 797 1430 causa
817 1357 853 1428 in
879 1355 1010 1430 viribus
1034 1353 1180 1425 externis
1206 1351 1411 1426 &realibus
1435 1345 1476 1422 sn
1496 1345 1619 1448 posrta,
1653 1375 1729 1447 quae
1752 1349 1778 1424 st
1805 1349 1969 1448 collirem¹
1977 1405 1989 1442 ,
2013 1347 2053 1424 fi.

626 1458 702 1533 rnul
724 1454 820 1532 aestus
842 1455 949 1532 Maris
969 1477 1052 1525 mox
1075 1449 1304 1546 evanesceret,
1330 1451 1390 1524 ubi
1412 1452 1535 1525 lateant
1553 1452 1606 1524 hae
1629 1455 1776 1528 vires&
1797 1458 1975 1552 quomodo
1997 1450 2055 1526 smt
2071 1501 2090 1536 .

491 1571 495 1580 '
629 1581 832 1658 comparatas
863 1549 1069 1656 potiisnnbm
1090 1555 1188 1627 nobis
1210 1554 1273 1637 erit
1297 1551 1560 1648 explicandum,
1596 1554 1776 1628 hocenim
1799 1553 1906 1630 estid
1929 1551 2057 1653 ipsum,

632 1663 730 1758 quod
759 1660 972 1736 celeberrima
1004 1654 1193 1730 Academia
1221 1654 1446 1748 scientiarum
1475 1649 1586 1748 chia
1614 1657 1652 1725 in
1666 1711 1668 1716 .
1683 1653 1865 1750 quaestione
1895 1651 2058 1756 propostta

635 1763 789 1858 requirit.
842 1755 968 1854 Neque
992 1755 1077 1830 verd
1098 1759 1189 1830 vires
1212 1753 1449 1830 tantummodd
1474 1749 1630 1828 indicasse
1656 1753 1816 1846 sufficiet,
1840 1759 1965 1832 verbm
1981 1781 2057 1854 pra·

567 1909 569 1917 ,
635 1863 728 1938 terea
750 1865 788 1935 id
814 1856 962 1932 maxime
985 1859 1049 1934 erit
1077 1851 1357 1944 monstrandam,
1393 1841 1569 1952 quomodb
1597 1853 1780 1932 illae'viree
1802 1881 1927 1955 agant,
1964 1881 2059 1953 atque

636 1963 701 2036 hos
723 1963 813 2062 ipsos
839 1957 1000 2042 effestus,
1026 1981 1113 2056 quos
1134 1956 1350 2032 observamus
1365 2011 1375 2040 ,
1389 1963 1470 2028 'non
1488 1955 1573 2030 verd
1597 1957 1680 2030 alios
1705 1960 1919 2054 produoent5
1945 1959 1983 2032 in
2001 1961 2060 2032 hoc

637 2065 732 2140 enim
756 2065 861 2137 totius
882 2057 1074 2158 quaestionis
1101 2059 1224 2142 cardo,
1250 2059 1481 2156 explicationis
1507 2055 1631 2132 scilicet
1650 2055 1885 2148 confirmatio,
1911 2062 2058 2134 vertitur.

639 2161 820 2254 Quoniam
843 2184 958 2237 autem
983 2162 1184 2260 plerumque
1212 2159 1362 2257 pluribus
1392 2160 1521 2230 viribus
1553 2161 1784 2256 excogitandis
1811 2164 1906 2236 idern
1929 2161 2062 2236 Phano·

640 2285 769 2340 menon
787 2264 948 2361 explicari
974 2257 1100 2361 potest,
1126 2257 1274 2334 studium
1292 2261 1523 2334 adhibendum
1546 2255 1594 2334 est
1616 2259 1785 2336 summum
1812 2266 1850 2336 in
1879 2264 1944 2336 hac
1972 2262 2061 2334 inda⁴

641 2367 800 2461 gerione,
825 2389 869 2437 ne
894 2365 939 2436 ad
958 2364 1047 2437 vires
1071 2363 1186 2435 inanes
1211 2383 1313 2456 atque
1337 2360 1549 2456 imaginarias
1575 2361 1788 2449 delabasnur,
1813 2388 1892 2461 quae
1913 2367 1951 2436 in
1972 2385 2062 2434 mun·

640 2466 690 2537 do
719 2489 832 2562 neque
853 2463 930 2536 sunt
955 2457 1067 2558 neque
1092 2463 1207 2533 locum
1221 2463 1355 2561 habere
1379 2453 1522 2555 possunt.
1563 2459 1696 2536 Parum
1721 2467 1815 2537 enirn
1842 2465 1987 2538 scientie
2013 2485 2063 2533 na·

641 2567 742 2640 rurali
765 2565 966 2647 consulunt,
990 2565 1051 2658 qui
1077 2563 1203 2657 quovis
1234 2559 1462 2632 Phaenomeno
1483 2561 1595 2634 oblato
1622 2559 1682 2636 fibi
1702 2587 1765 2660 pro
1790 2567 1939 2640 arbitrio
1954 2562 2076 2636 mundi,

643 2661 846 2741 muneram
871 2663 1074 2762 peculiarem
1091 2661 1270 2758 effingunt,
1295 2685 1407 2757 neque
1427 2659 1502 2738 sunt
1528 2663 1668 2746 solliciti,
1693 2666 1808 2738 utrum
1834 2693 1874 2742 ea
1893 2685 2064 2762 compages

644 2789 726 2841 curn
751 2769 825 2842 aliis
857 2765 1091 2840 Phaenomenis
1122 2759 1297 2838 consistere
1319 2783 1439 2860 queat,
1476 2787 1519 2834 an
1540 2763 1626 2836 verti
1648 2764 1750 2838 secus.
1802 2762 1963 2856 Quodn
1985 2768 2065 2840 enim

646 2865 715 2966 jam
739 2865 879 2943 aliundi
898 2862 1025 2940 conllet
1045 2859 1185 2943 existere
1202 2864 1239 2936 in
1260 2865 1389 2938 mundo
1405 2861 1569 2956 ejusmodi
1596 2869 1706 2955 vires,
1732 2891 1808 2963 quae
1835 2869 1952 2944 oblato
1976 2861 2067 2942 ellec-

646 2973 700 3044 tui
728 2971 950 3068 producendo
973 2964 1036 3041 smt
1058 2988 1163 3068 pares,
1187 2961 1309 3042 austra
1332 2989 1433 3041 omne
1453 2961 1603 3042 studium
1625 2968 1662 3041 in
1684 2963 1933 3067 conquisitione
1954 2969 2069 3041 virium

646 3092 818 3146 novarum
843 3069 1070 3144 collocabitur.
1198 3131 1201 3140 .

702 3175 734 3268 §.
761 3199 798 3273 7.
852 3171 1029 3264 Quoniam
1047 3191 1162 3245 autem
1184 3170 1228 3242 ad
1248 3165 1378 3242 causam
1401 3165 1561 3265 cujusque
1590 3167 1808 3246 Phaenomeni
1829 3173 2071 3272 detegendam,

649 3275 696 3350 ad
712 3271 856 3372 fingulas
880 3269 1139 3346 circumstantias
1162 3268 1280 3344 seduld
1298 3273 1471 3346 attendere
1491 3267 1618 3344 necesse
1637 3268 1702 3356 eli,
1726 3296 1803 3348 ante
1824 3277 1943 3348 omnia
1961 3268 2068 3346 mirifi-

650 3399 730 3448 cum
761 3373 959 3450 consensum
992 3367 1089 3447 aestlts
1121 3370 1337 3446 Metiscum
1368 3395 1465 3446 motu
1502 3371 1609 3444 Lunae
1639 3375 1860 3473 contemplari
1889 3375 2072 3448 conveniet.

532 3508 534 3512 ¹
651 3475 740 3552 Non
757 3473 865 3553 sollim
888 3477 981 3550 enim
1000 3469 1138 3570 insignis
1161 3475 1338 3546 harmonia
1364 3469 1590 3548 interuallum
1611 3469 1718 3549 Maris
1746 3499 1786 3549 ac
1814 3475 1929 3550 Lunae
1954 3497 2075 3550 monam

652 3579 815 3651 diurnum
840 3576 1125 3674 deprehenditur,
1150 3572 1208 3649 sed
1234 3573 1334 3645 etiam
1357 3575 1529 3648 revolutio
1553 3572 1716 3672 synodica
1740 3575 1895 3677 respeslu
1916 3577 2011 3660 Solis
2029 3577 2076 3648 in·

652 3699 791 3775 gentem
814 3673 920 3758 affert¹
937 3677 1146 3748 varietatem.
1198 3673 1332 3748 Omnes
1355 3676 1504 3771 denique
1532 3674 1781 3754 observationes
1811 3679 1953 3756 abundi
1977 3677 2078 3752 decla·

654 3801 729 3854 rant
754 3779 921 3852 rationem
951 3771 1082 3852 Fluxin
1105 3776 1145 3848 δι
1178 3769 1347 3846 Refluxlrs
1374 3773 1484 3850 Maris
1507 3775 1528 3850 s
1555 3772 1619 3850 situ
1643 3779 1722 3852 edm
1753 3779 1865 3856 Lunae
1887 3764 1968 3854 tuin
1987 3781 2079 3854 etiam

655 3877 747 3954 Solis
771 3877 981 3976 conjunsiim
1004 3875 1177 3974 pendere:
1210 3898 1342 3971 exque
1368 3872 1476 3950 statim
1504 3901 1613 3974 prono
1626 3879 1814 3954 ratiocinio
1844 3881 2081 3980 consequitur,

654 3980 745 4054 vires
771 3982 842 4054 illas
858 3975 974 4054 aelium
995 3976 1103 4052 Maris
1122 3976 1367 4074 producentes,
1392 4003 1603 4078 quaecunque
1624 3983 1732 4056 setiam
1747 3978 1824 4074 lint,
1849 3983 1933 4056 curn
1954 3983 2082 4058 Lunam

654 4079 888 4185 potilsnnlrm,
914 4080 989 4154 tbm
1012 4079 1097 4154 vard
1123 4080 1226 4154 etiam
1251 4078 1367 4154 Solem
1391 4081 1555 4180 respicere
1576 4083 1710 4158 debete.
1761 4083 2005 4172 Quamobrem
2028 4084 2084 4154 ins·

612 4251 615 4259 ,
654 4188 775 4288 primis
797 4186 896 4258 nobis
921 4184 985 4259 erit
1001 4181 1265 4278 inquirendum,
1298 4205 1415 4256 utrum
1442 4181 1609 4281 ejusmodi
1631 4185 1865 4262 vires'Solem
1886 4189 1930 4262 δι
1958 4188 2085 4262 Lunam

654 4287 890 4386 respicientes,
915 4309 992 4382 quaa
1015 4284 1052 4356 in
1073 4284 1169 4380 aquis
1188 4285 1291 4358 talem
1310 4279 1498 4373 effectur,
1524 4287 1632 4382 qualis
1658 4285 1705 4362 est
1729 4285 1823 4364 aestus
1841 4287 1991 4378 Maris,
2016 4308 2086 4384 pro·

656 4387 782 4464 ducere
803 4411 949 4484 queant,
975 4387 1049 4482 jure
1069 4410 1108 4458 ac
1126 4387 1255 4460 ratione
1281 4381 1378 4459 slatui
1401 4383 1552 4484 possint,
1575 4413 1620 4462 an
1642 4387 1748 4466 serias.
1812 4389 1870 4467 Ac
1890 4387 1917 4462 fi
1942 4391 2086 4490 pluribus

656 4479 770 4561 modis
794 4487 980 4562 illiusmodi
1003 4489 1092 4562 vires
1116 4490 1231 4560 annno
1253 4488 1433 4584 concipere
1451 4489 1580 4580 srceat,
1604 4491 1797 4589 diligenter
1817 4495 1895 4592 erit⁸
1910 4493 2088 4593 dispicien-

657 4592 768 4678 dum,
793 4613 947 4685 quaenam
974 4613 1053 4662 cum
1076 4589 1149 4661 aliis
1171 4585 1407 4666 Phaenomenis
1435 4588 1609 4666 consistere
1631 4589 1753 4692 polsmt
1773 4620 1837 4670 nec
1859 4620 1913 4670 ne.
1970 4595 2090 4684 Quat·

621 4691 627 4704 ’
655 4689 896 4815 musenim
918 4687 1096 4804 euphrasio
1116 4689 1284 4796 quapiam
1300 4690 1640 4803 tvnPhanomtuis
1657 4695 1842 4804 wirpiret,
1866 4693 1934 4793 niu
1952 4697 2089 4776 viritrn

658 4843 662 4852 '
1132 4819 1135 4825 ¹
1173 4852 1178 4862 ·
2021 4815 2092 4902 Ψ
