4354 5678
614 441 700 565 qis
799 433 1202 536 Irt'o'tir‘r‘r‘r'to
1240 441 1513 522 Pntsrcr
1557 451 1620 520 tn
1661 439 1912 524 Caverit

613 583 756 656 unicum
785 578 1040 654 Phaenomenon
1067 577 1313 675 refragaretur,
1348 589 1392 648 'eo
1417 571 1490 668 ipso
1525 595 1596 644 tota
1618 574 1750 646 theoria
1775 568 2042 672 subverteretu‘rg

613 703 718 777 quam
746 682 790 760 ob
812 680 943 753 causam
966 682 1195 778 prolixitatem
1226 673 1344 749 nostrae
1368 673 1600 762 tractationis,
1633 698 1734 771 atque
1762 676 2042 770 transgressionem

612 783 762 856 limitum
800 780 1068 879 praescriptorum
1101 783 1199 853 nobis
1233 773 1301 849 fine
1338 775 1531 850 difficultate
1566 778 1796 850 condonanun
1827 777 1870 850 iri
1902 779 2041 856 confidi·

619 903 707 956 mus.
1312 935 1319 948 „

668 985 700 1076 ς.
734 1006 820 1083 113.
872 980 1028 1054 Primum
1052 1007 1164 1057 autent
1192 982 1406 1082 perspicuum
1436 969 1483 1048 est
1511 999 1644 1050 motum
1664 974 1771 1052 Maris
1799 981 2040 1054 horizontalem

615 1102 686 1180 quo
703 1083 771 1154 vel·
790 1083 906 1156 versus
931 1087 1097 1157 orientem
1119 1085 1174 1156 vel
1201 1085 1413 1155 occidentem
1442 1081 1678 1174 progreditur,
1715 1084 1759 1152 ob
1774 1078 1919 1152 Terram
1943 1085 2040 1154 inter·

614 1180 759 1281 positam
786 1209 857 1255 non
879 1183 987 1255 solum
1013 1185 1226 1280 perturbari,
1252 1183 1371 1255 uerum
1393 1179 1495 1252 etiam
1517 1181 1723 1274 quandoque
1742 1182 1874 1275 prorsus
1898 1184 2041 1279 impedi-

614 1285 797 1358 ridebere.
851 1285 959 1380 Supri
983 1288 1075 1357 enim
1102 1282 1337 1370 ostendimus,
1374 1275 1489 1352 srto'ta
1513 1279 1623 1354 Terra
1644 1282 1733 1374 aqud
1758 1275 1838 1355 ellet
1861 1284 2040 1356 circumsu-

615 1383 678 1475 sa,
703 1409 779 1460 tum
798 1386 926 1482 ubique
946 1387 989 1457 ad
1011 1387 1162 1458 Fluxum
1187 1383 1404 1456 formandum
1422 1404 1543 1475 aquarn
1560 1384 1603 1452 ab
1621 1383 1749 1454 oriente
1766 1385 1891 1457 advehi
1909 1386 2038 1473 debere,

612 1509 692 1556 anre
723 1483 894 1558 refluxum
925 1509 1039 1558 autern
1067 1485 1184 1558 verslts
1206 1509 1321 1559 orttun
1354 1477 1513 1555 defluere.
1579 1480 1690 1570 Qudd
1719 1478 1744 1553 fi
1773 1507 1856 1580 ergo
1886 1485 2038 1560 Oceanus

612 1582 733 1655 versus
756 1587 921 1660 orientem
941 1585 1058 1660 Terris
1084 1589 1302 1669 terminetur,
1340 1580 1415 1656 fieri
1436 1584 1577 1654 omnino
1600 1585 1720 1679 nequit
1739 1608 1891 1684 tempore
1912 1585 1945 1659 F
1945 1585 2038 1658 luxu

610 1685 657 1755 ad
680 1685 753 1761 haec
783 1685 894 1760 littora
927 1689 1014 1783 aq'ua
1044 1689 1086 1760 ab
1110 1682 1394 1772 orienteaffluat,
1433 1705 1503 1778 quo
1531 1681 1603 1779 ipso
1627 1683 1739 1757 cursus
1761 1709 1856 1782 aqua
1885 1690 2039 1760 naturalis

614 1783 752 1878 penitits
765 1788 979 1882 impedietur.
1031 1785 1210 1876 Quoniam
1231 1811 1343 1861 autem
1365 1785 1454 1858 vires
1469 1785 1557 1858 Solis
1578 1810 1617 1858 ac
1637 1783 1746 1858 Lunae
1758 1788 1978 1861 nihilominlts
1990 1791 2038 1860 his

609 1884 651 1956 in
665 1885 859 1982 regionibus
876 1885 974 1962 Mare
993 1889 1144 1963 attollere
1157 1911 1340 1978 conantur,
1361 1883 1526 1961 effectum
1538 1885 1698 1981 consequi
1713 1910 1782 1959 non
1795 1911 1968 1986 poterunt,
1991 1890 2038 1960 ni·

611 1979 647 2070 st¹
664 1993 752 2080 aqua'
773 1989 815 2060 ab
833 1987 1023 2063 Occidente
1047 1989 1228 2065 afferatur:
1255 1985 1299 2060 stc
1317 1991 1454 2086 quando
1479 1991 1522 2060 ad
1543 1987 1656 2058 littora
1677 1985 1824 2087 Europae
1844 2013 1933 2086 aqua
1955 1990 2037 2064 ivi·

610 2085 706 2159 ribus
730 2087 818 2161 Solis
842 2114 880 2161 ac
910 2087 1018 2166 Lunae
1045 2089 1222 2181 elevatur,
1259 2115 1345 2187 aqua
1367 2091 1409 2162 ab
1440 2090 1630 2164 Occidente
1653 2087 1695 2160 ed
1720 2090 1890 2165 deferatur
1918 2085 2038 2164 necelle

610 2180 680 2268 est,
706 2189 748 2260 ab
760 2187 961 2358 'seilicet
982 2194 1190 2291 regionibus,
1214 2195 1275 2266 ubi
1288 2215 1375 2288 aqua
1395 2191 1516 2264 eodem
1535 2213 1688 2288 tempore
1705 2192 1927 2288 deprimetur3
1948 2192 2037 2290 quod

607 2284 705 2356 idem
727 2283 772 2359 fie'
822 2291 923 2363 debet
945 2295 989 2366 ad
1007 2293 1120 2368 littora
1142 2293 1270 2367 Africae
1287 2295 1327 2368 δι
1349 2292 1519 2392 Anaetica
1542 2292 1769 2366 occidentalia.
1835 2291 1966 2367 Contra
1984 2319 2036 2377 ve·¹

606 2381 726 2483 rd'ad'.
741 2386 854 2462 littora
877 2387 969 2466 Asiae
994 2395 1033 2467 δε
1058 2391 1231 2469 Americae
1250 2393 1423 2466 orientalia
1444 2411 1530 2490 aqua
1548 2392 1810 2466 nantralimotu
1832 2394 1968 2479 seretur,
1991 2417 2037 2468 at·

606 2507 679 2580 que
701 2487 738 2556 in
760 2484 877 2561 Fluxu
897 2495 942 2566 ab·
966 2498 1094 2569 oriente
1113 2496 1289 2577 adveniet,
1315 2495 1351 2564 in
1373 2489 1528 2565 Relluxu
1550 2493 1634 2566 verb
1655 2495 1775 2567 versus
1804 2497 1968 2570 orientem
1988 2521 2037 2570 re·

608 2586 718 2657 ceder.
772 2585 873 2664 Vires
895 2615 1042 2690 namque
1062 2593 1150 2668 Solis
1166 2621 1203 2668 ac
1230 2596 1338 2668 Lunae
1351 2617 1484 2666 motum
1505 2617 1601 2690 aquae
1624 2596 1871 2668 horizontalem
1895 2621 1965 2670 non
1984 2623 2037 2695 per

595 2682 647 2759 'se'
672 2686 915 2776 determinant,
953 2692 1011 2768 sed
1038 2695 1175 2771 edtenus
1199 2719 1349 2784 tantum,
1383 2695 1547 2790 qudtenus
1570 2694 1643 2768 aliis
1675 2697 1816 2770 inlotis
1850 2721 1972 2795 aquam
1992 2721 2038 2776 at·

610 2784 763 2876 tollunt,
798 2789 873 2863 aliis
908 2796 993 2869 verb
1033 2801 1155 2872 eodem
1196 2819 1348 2894 tempore
1382 2797 1597 2896 deprimunt3
1634 2817 1735 2892 atque
1769 2821 1857 2894 aqua
1890 2805 1937 2873 ob
1967 2825 2038 2898 pro·

609 2886 721 2982 priam
752 2895 956 2984 gravitatem
987 2921 1067 2972 eum
1085 2898 1198 2995 seligit
1224 2921 1386 2980 motum,
1422 2921 1493 2992 quo
1518 2893 1675 2969 facillime
1695 2897 1716 2971 ὲ
1739 2899 1822 2971 locis
1842 2903 1966 2996 quibus
1984 2905 2038 2974 de·

611 2987 786 3080 primitur,
812 2995 855 3064 ad
882 2994 955 3068 loca
977 3003 1101 3092 quibus
1126 2999 1290 3070 attollitur
1314 3019 1579 3094 promoveaturt
1605 3003 1824 3093 quamobrem
1850 2999 1912 3076 ilie
1932 3025 2037 3074 motus

608 3086 799 3160 maximia
825 3090 943 3166 Terris
968 3123 1132 3172 oceanum
1153 3098 1402 3171 includentibus
1425 3099 1668 3176 determinetur
1691 3095 1817 3174 necesse
1837 3100 1894 3174 est.
1948 3103 2039 3180 Hinc

609 3185 718 3282 igitur
743 3188 917 3288 perspecta
945 3193 1109 3292 positione
1134 3199 1287 3271 littorum
1304 3197 1456 3294 cujusvis
1481 3195 1588 3271 Maris
1615 3199 1711 3272 facile
1739 3197 1875 3274 defitiri
1896 3208 2038 3300 poterit,
2143 3213 2144 3218 ’

605 3283 633 3366 ὲ
653 3307 800 3382 quanam
821 3293 921 3390 plaga
945 3320 1032 3393 aqua
1054 3303 1090 3372 in
1112 3299 1228 3374 Fluxu
1252 3302 1389 3383 venire,
1417 3298 1645 3396 quorsumque
1665 3301 1702 3372 in
1726 3296 1879 3374 Refluxu
1900 3305 2041 3380 decede·

553 3453 555 3456 ,
609 3408 647 3458 re
669 3389 820 3478 debeat,
850 3389 883 3462 st
919 3399 1025 3470 modo
1059 3401 1329 3477 elevationes&
1361 3395 1582 3499 deprelltones
1609 3423 1705 3498 aqua
1731 3425 1792 3498 per
1811 3427 1922 3476 totum
1947 3403 2040 3483 Mare

604 3486 738 3564 ¹attente
774 3489 1049 3576 considerentur:
1085 3525 1158 3577 tota
1179 3501 1271 3578 enim
1290 3503 1364 3578 uae
1393 3497 1530 3602 quaestio
1559 3503 1740 3610 pertinebit
1772 3504 1815 3578 ad
1841 3502 2043 3603 hydroslati·

610 3607 699 3670 ,nem

659 3688 692 3779 ς.
722 3711 811 3790 114„
865 3691 958 3766 Cum
994 3699 1100 3796 igitur
1126 3705 1170 3775 ad
1199 3702 1317 3784 littora¹
1332 3699 1481 3796 Europa
1509 3725 1596 3800 aqua
1628 3699 1752 3798 elevari
1786 3726 1959 3802 nequeat,
1984 3706 2041 3782 nili

604 3779 754 3866 affluxus
770 3794 817 3864 ab
841 3797 1014 3872 occidente
1036 3799 1095 3873 fiat
1120 3802 1284 3902 copiosus,
1310 3803 1353 3874 ad
1375 3801 1486 3892 littora
1509 3827 1586 3900 quae
1606 3805 1723 3880 versio
1744 3811 1957 3884 occidentem
1979 3811 2043 3884 res·

605 3889 742 3984 picium
767 3918 856 3991 aqua
879 3896 1008 3973 diredle
1028 3903 1070 3974 ab
1090 3905 1265 3978 occidente
1280 3904 1464 3993 adveniet,
1496 3929 1575 4001 qua
1594 3929 1708 3981 autem
1737 3909 1850 3982 littora
1878 3913 1922 3982 ad
1947 3912 2045 3985 aliam

607 3987 744 4086 plagam
770 3993 847 4069 sunt
873 3996 1052 4094 disposita,
1087 4028 1181 4100 aquae
1205 4003 1316 4078 cursus
1343 4004 1462 4079 versus
1484 4009 1651 4082 orientem
1677 4009 1825 4084 directus
1851 4007 2046 4087 insledietut
2142 4011 2143 4022 ’

606 4089 703 4184 juxta
725 4093 862 4186 littora,
894 4100 1090 4198 priusquam
1113 4107 1155 4178 ed
1181 4105 1380 4204 pertingat,
1414 4108 1557 4180 omnino
1580 4111 1632 4180 uti
1658 4106 1821 4208 inspesiio
1847 4135 2046 4212 mapparum

605 4191 754 4268 docebit.
811 4195 989 4287 Quoniam
1018 4205 1102 4280 verd
1131 4204 1189 4281 iste
1216 4229 1309 4304 aquae
1330 4209 1423 4303 juxta
1449 4207 1563 4282 littora
1583 4207 1714 4284 Flttxus
1742 4233 1868 4284 tantam
1893 4217 2046 4290 celerita-

610 4309 705 4406 ¹tem,
731 4319 892 4391 quantam
915 4305 1016 4378 habet
1042 4303 1162 4398 Luna,
1187 4311 1334 4408 recipere
1356 4309 1494 4406 nequit,
1529 4307 1656 4386 necesse
1678 4307 1751 4401 est,
1784 4335 1823 4388 ut
1845 4315 1984 4392 Fluxus
2006 4319 2046 4391 ad

512 4409 516 4418 ·
607 4387 723 4466 littora
754 4404 861 4497 magis
893 4407 937 4478 ad
969 4409 1134 4486 orientem
1158 4407 1217 4486 srta
1247 4410 1374 4484 tardius
1407 4411 1603 4500 advehatur,
1666 4411 1755 4489 Haec
1786 4435 1900 4490 tutem
1926 4421 2047 4492 versus

605 4487 723 4608 llttora
755 4500 1174 4584 orientaliora'retatdatio
1197 4509 1344 4586 maxime
1367 4510 1540 4610 perspicua
1568 4510 1680 4585 estin
1710 4519 1873 4612 portubus
1902 4519 2048 4604 Gallim·

611 4585 753 4687 Belglls
779 4593 918 4699 Angliae
949 4611 989 4682 δι
1014 4607 1220 4704 Hiberniae3
1253 4613 1332 4687 cion
1357 4613 1450 4692 eninr
1471 4615 1516 4686 ad
1537 4609 1619 4686 ostia
1649 4611 1835 4690 fluviorum
1858 4619 2049 4696 Garumna

608 4689 652 4781 ὗε
675 4691 834 4806 Ligeris,
861 4727 936 4812 quas
956 4711 1073 4790 versio
1094 4713 1274 4802 Oceanum
1295 4707 1528 4817 amplissimum
1555 4721 1671 4816 patent
1680 4765 1694 4806 ,
1719 4739 1872 4821 ternpore
1895 4724 2052 4840 plenilo-

1151 4841 1153 4846 ·
1863 4853 1867 4856 ·
1906 4847 2052 4909 motum
