4482 5658
474 483 578 562 ‘AD
628 477 1027 561 TERTIUM
1082 477 1422 565 LIBRUM.
1575 511 1656 572 xxr

226 627 277 686 tet
296 609 391 710 quod
416 611 453 688 in
477 621 600 690 eodem
623 613 830 713 Telelcopio
855 616 1106 710 magnitudines
1130 602 1324 713 apparenter
1347 613 1558 709 objectorum
1583 619 1662 690 sunt

224 718 491 812 proportionales
515 718 807 815 magnitudinibus
831 717 1020 814 imaginum
1042 719 1079 787 in
1102 715 1179 788 foco
1204 713 1385 814 positarum
1409 721 1463 813 dt¹
1483 741 1576 790 trane
1604 721 1656 792 ti³

214 832 314 904 ‚uum
339 818 472 893 oculare
496 817 654 892 tissrum.
1618 833 1622 840 ’

270 941 334 1012 37.
388 918 460 992 Hir
485 916 624 1016 positia,
650 918 749 994 facile
773 915 820 994 est
845 918 1051 991 micrometri
1074 913 1170 990 usum
1204 921 1401 1016 intelligere.
1456 915 1517 992 Eli
1540 937 1655 1009 autent

220 1015 474 1091 micrometrum
501 1019 760 1096 instrumentum
781 1023 890 1118 quod.
901 1023 937 1091 in
965 1019 1043 1091 foco
1071 1019 1170 1091 lentis
1196 1021 1374 1114 objeciivae
1398 1020 1567 1120 telescopii
1592 1049 1654 1122 ap·

220 1133 308 1186 tactu
334 1121 378 1192 ad
401 1123 650 1218 magnitudines
677 1145 871 1220 apparentes
898 1143 974 1216 quae
1000 1121 1142 1216 gradum
1167 1136 1276 1190 unum
1312 1123 1370 1194 vel·
1402 1125 1545 1217 gradum
1574 1147 1655 1194 cunt

219 1209 346 1291 semilse
360 1245 431 1292 non
444 1221 613 1320 superant,
640 1224 873 1294 dimetiendas.
926 1219 1022 1295 Illius
1044 1217 1327 1292 conlirudlionem
1347 1245 1449 1317 quarn
1463 1221 1510 1292 D.
1530 1222 1653 1296 De-laa

218 1311 313 1392 Hire
335 1323 372 1391 in
390 1321 510 1394 tabulis
525 1320 773 1395 Allronornicir
789 1321 896 1396 veluti
917 1317 1028 1393 usrbua
1048 1315 1294 1393 Aslronomicis
1311 1324 1652 1397 accommodatiorem
1698 1399 1700 1402 ,

219 1415 335 1506 dedit,
360 1421 551 1498 reseremus.
614 1421 753 1496 Constat
767 1449 809 1496 ex
822 1426 958 1497 duobus
976 1422 1113 1518 quadris
1130 1419 1334 1518 rediangulit
1349 1445 1497 1518 quormn
1510 1423 1653 1497 alterum

219 1511 400 1610 ABCD,
426 1546 466 1594 ur
492 1524 677 1620 plurimum
698 1523 949 1620 longitudinem
969 1526 1070 1596 habet
1091 1523 1239 1594 duorum
1256 1523 1415 1618 pollicum
1439 1545 1518 1594 cum
1537 1523 1652 1598 semis-

220 1614 252 1688 se
288 1623 327 1694 δι
365 1623 578 1697 latitudinem
616 1625 714 1695 uniur
747 1625 879 1718 pollicis
913 1645 992 1696 curn
1029 1617 1166 1696 semisse.
1221 1622 1335 1716 Huius
1362 1624 1511 1720 quadri,
1550 1625 1655 1708 latera

219 1714 319 1816 longa
352 1721 390 1794 A
410 1722 467 1805 D,
509 1723 607 1803 CB,
649 1727 685 1794 in
716 1748 825 1819 partes
862 1723 1007 1821 aequales
1044 1725 1083 1796 δι
1120 1725 1219 1796 tertii
1259 1747 1351 1819 patre
1384 1725 1484 1796 unius
1519 1724 1656 1819 pollicit

218 1817 305 1896 inter
335 1823 368 1896 se
400 1823 559 1899 distantes
588 1825 811 1906 dividuntur,
859 1825 907 1898 iti
939 1849 1053 1898 tamen
1083 1847 1123 1897 ut
1156 1826 1253 1898 linear
1290 1823 1403 1898 dueta
1436 1849 1496 1921 per
1534 1820 1653 1920 finget·
1765 1839 1766 1844 ’

206 3133 252 3210 lat
279 3135 459 3216 divisiones
482 3139 546 3214 fint
569 3148 614 3217 ad
632 3145 733 3218 latera
754 3142 860 3228 AD,
897 3141 1004 3231 CB,
1038 3141 1340 3242 perpendiculares.
1417 3131 1523 3212 Hisce
1547 3133 1643 3210 dlvi'-

205 3234 351 3312 lionibur
379 3240 436 3314 fila
468 3243 566 3316 serica
595 3245 682 3319 bend
708 3245 799 3316 tensa
822 3245 1048 3341 applicantur,
1082 3243 1359 3339 glutinanturque
1389 3242 1472 3312 cerd.
1525 3237 1645 3310 Addi*

205 3359 260 3412 tur
280 3337 375 3414 filum
398 3343 538 3416 sericum
564 3343 663 3434 KL,
690 3345 821 3417 diuum
846 3343 1084 3430 transversale,
1099 3345 1205 3442 'quod
1225 3345 1269 3415 ad
1296 3341 1440 3436 angulos
1462 3336 1572 3409 ret‘los
1594 3335 1642 3408 fi..

202 3440 235 3512 la
264 3445 416 3539 parallelo
440 3447 544 3516 modd
576 3445 738 3542 descripta
765 3447 839 3532 ab,
878 3447 953 3531 cd,
992 3443 1039 3516 ef
1046 3493 1060 3531 ,1
1097 3445 1169 3514 διε.
1203 3441 1288 3515 secet
1317 3443 1356 3514 δι
1383 3443 1420 3511 in
1446 3439 1562 3512 medio
1589 3439 1639 3509 la‘·

202 3563 311 3612 terum
333 3540 436 3632 AC,
476 3543 557 3618 BD
593 3547 787 3646 glutinatur.
849 3544 1009 3619 Alterum
1033 3545 1202 3640 quadrum
1230 3541 1395 3614 EFGH
1438 3542 1530 3632 cujus
1559 3537 1639 3608 lon-

199 3643 321 3737 gitudo
346 3643 419 3719 EF
445 3673 515 3718 non
540 3647 670 3748 superat
701 3671 809 3720 unum
847 3647 1004 3742 pollicem
1027 3668 1103 3716 cum
1128 3640 1276 3729 semisse,
1307 3645 1351 3713 ita
1372 3641 1476 3737 priori
1500 3661 1641 3710 accone--

197 3747 356 3818 modatur
381 3771 420 3818 ut
445 3749 516 3842 ejus
541 3751 641 3823 latera
666 3749 762 3834 EF,
789 3748 824 3818 G
840 3747 879 3821 H
893 3755 1131 3830 ,moveantur
1156 3743 1252 3841 super
1275 3743 1377 3814 latera
1398 3739 1434 3812 Α
1446 3739 1509 3828 D,
1533 3735 1606 3810 CB
1622 3787 1639 3827 ,-
1771 3803 1773 3808 ,

197 3837 332 3916 'alterius
368 3851 490 3942 quadri
521 3877 584 3924 nec
617 3848 660 3922 ab
691 3849 764 3946 ipso
801 3847 1001 3945 separentur.
1054 3846 1172 3916 Facies
1215 3845 1315 3938 hujus
1336 3841 1485 3914 'secundi
1513 3843 1635 3935 quadri

198 3968 272 4038 quae
295 3948 437 4020 divisam
464 3949 584 4024 faciem
611 3949 733 4048 pti'oris'
758 3949 916 4048 respicit,
941 3945 1000 4018 filo
1022 3950 1123 4018 etiam
1144 3945 1247 4017 serico
1273 3947 1312 4015 &
1340 3937 1433 4014 tenio
1460 3941 1550 4019 hL,
1576 3943 1635 4011 in-

196 4041 332 4117 llruitur
347 4099 359 4136 ,
387 4049 484 4146 qu'od
496 4103 508 4140 ,
535 4077 614 4123 curn
642 4074 800 4124 moretur
830 4051 996 4144 quadrum
1022 4046 1151 4141 ubiqud
1176 4047 1297 4141 prioris
1332 4044 1452 4138 quadri
1478 4038 1543 4112 filis
1569 4045 1630 4135 pa'-
1733 4091 1736 4096 -

195 4147 347 4220 rallelum
372 4175 526 4236 maneat,
553 4167 664 4248 'eaque‘
688 4151 903 4250 superlabitur
931 4173 1033 4244 quam
1061 4145 1216 4244 proximi
1228 4199 1240 4234 ,
1279 4169 1341 4216 nec
1365 4165 1477 4215 tamen
1496 4144 1543 4214 eit
1570 4149 1629 4212 ocss

195 4249 307 4321 ¹currit.
363 4248 512 4326 Cochlea
536 4254 659 4326 deind&
686 4253 800 4342 MN,
826 4251 920 4324 lateri
940 4248 1039 4336 BD',
1065 4249 1228 4351 longioris
1248 4245 1367 4341 quadri
1387 4245 1546 4338 affigitur,
1571 4265 1632 4313 cu-

192 4347 245 4442 jus
280 4347 432 4444 striarum
461 4357 709 4451 receptaculum
742 4353 854 4442 lateri'
869 4353 898 4424 F
912 4351 950 4423 H
986 4351 1119 4448 alterius
1148 4345 1365 4420 adhaeret&
1392 4346 1427 4414 in
1462 4343 1634 4428 foramine

194 4455 342 4524 rotundo
366 4451 654 4530 circumvolvitur.
722 4453 870 4530 Cochlea
906 4443 1050 4548 ejusque,
1072 4447 1322 4546 receptaculum¹
1345 4444 1500 4516 auriculis
1523 4444 1565 4523 S,
1593 4443 1633 4515 32

190 4543 393 4626 instruclum
419 4555 472 4630 iti
494 4560 581 4644 inter
605 4558 647 4630 se·
662 4547 767 4655 aptari
792 4559 917 4647 debent
942 4577 987 4626 ur·
1005 4549 1250 4648 receptaculum
1274 4547 1500 4640 &quadrum
1525 4538 1632 4630 Etr,

191 4657 453 4738 ke'miu'ttnlm't'
468 4637 613 4756 'quidem
637 4648 775 4732 moveri
795 4652 913 4755 polit,
939 4651 1001 4728 nist
1020 4649 1244 4748 receptaculi·
1259 4645 1356 4721 rt'totu
1385 4638 1630 4720 conversione,

1020 4779 1186 4852 ις’
1521 4740 1628 4844 Quat
