4362 5672
422 643 472 704 Dr
493 641 583 701 Mutt-

405 738 458 778 or
476 720 583 786 Sustr-

423 813 449 853 nr
463 815 481 854 a
496 815 552 855 rr.

465 968 544 1010 121.

609 507 683 592 tri
877 499 1319 586 Purtosortrtrr
1391 501 1741 586 Nrrnnttrt
1864 566 1867 571 .

671 643 726 740 (†)
757 641 873 725 Hisce
894 665 1074 728 motuum
1098 647 1290 726 lunarium
1319 645 1669 754 computationibus
1696 635 1895 726 ostendere
1916 641 2034 738 v'olui,

607 757 714 866 quod
751 788 880 843 motus
911 766 1061 845 lunares
1097 793 1164 873 per
1195 763 1385 844 theoriam
1417 771 1612 874 gravitatis
1638 761 1659 844 it
1687 763 1803 844 causrs
1827 761 1899 842 suis
1925 787 2034 842 com·

606 887 729 986 putari
762 881 913 991 posstnt.
974 879 1050 964 Pet
1077 875 1241 965 eandem
1266 881 1456 964 theoriam
1484 890 1611 964 inveni
1642 903 1822 992 praetcrea
1852 874 1959 987 quod
1989 909 2034 960 a·

608 1005 741 1102 quatio
780 1029 904 1082 annua
942 996 1062 1082 medii
1100 1025 1228 1083 motus
1275 1001 1373 1084 lunae
1417 1007 1559 1082 otiatur
1599 1002 1621 1081 i
1664 1001 1765 1080 varii
1809 991 2035 1081 dilatatione

604 1116 708 1197 orbis
738 1120 835 1200 lunae
864 1127 1036 1228 pervim
1065 1120 1179 1214 solis,
1222 1122 1327 1224 juxta
1362 1121 1484 1204 Corol
1513 1135 1550 1204 6.
1587 1123 1699 1227 Prop.
1731 1119 1868 1202 LXVI.
1896 1117 1982 1200 Lib.
2006 1119 2034 1198 l.
2113 1125 2114 1128 '

606 1227 677 1332 (¹¹)
707 1239 803 1320 Haec
828 1246 882 1318 vis
909 1245 949 1319 in
975 1237 1251 1348 perigaeosolis
1281 1241 1403 1339 major
1428 1241 1506 1336 est,
1535 1251 1577 1322 dc
1601 1239 1738 1318 orbem
1765 1239 1862 1318 lunae
1887 1231 2036 1322 dilatati

604 1355 647 1433 in
673 1385 832 1466 apogaeo
858 1358 936 1460 ejus
971 1365 1101 1437 minor
1132 1359 1212 1450 est,
1251 1367 1292 1441 dc
1322 1359 1457 1440 orbem
1492 1359 1600 1438 illum
1629 1355 1806 1437 contrahi
1833 1361 2034 1466 permittit.

478 1580 483 1584 ἱ
604 1475 650 1554 In
682 1475 779 1556 orbe
807 1471 967 1558 dilatato
1001 1478 1090 1557 iuna
1120 1468 1263 1558 tardius
1294 1479 1527 1571 revolvitur,
1571 1483 1611 1558 in
1653 1476 1866 1556 contracto·
1891 1477 2036 1558 citium

605 1605 647 1676 δι
674 1601 840 1703 aequatio
865 1621 1017 1692 annua,
1050 1621 1116 1704 pet
1145 1621 1262 1701 quam
1294 1593 1376 1674 haec
1405 1596 1640 1704 inaquaiitas
1668 1590 1963 1702 compensatur,
1994 1597 2036 1674 itt

607 1709 677 1808 (i)
706 1739 863 1822 apogaeo
890 1725 930 1795 δι
959 1720 1123 1823 perigaeo
1147 1709 1233 1792 solis
1259 1715 1362 1793 nulia
1387 1717 1470 1810 est,
1499 1723 1538 1794 itt
1566 1725 1580 1816 (
1593 1710 1639 1805 k)
1666 1707 1873 1792 mediocris
1903 1706 2039 1790 mlisi

604 1829 706 1911 terri
749 1824 923 1913 distantia
954 1826 1002 1913 ad
1044 1829 1120 1915 11'.
1158 1829 1237 1934 50¹¹
1261 1837 1414 1915 circiter
1443 1825 1641 1924 ascendit,
1681 1837 1720 1912 in
1748 1831 1954 1910 aliis'locis
1988 1859 2037 1910 at·

608 1955 782 2058 quationi
810 1957 931 2033 centri
962 1947 1050 2032 solis
1079 1953 1373 2060 proportionalis
1404 1955 1475 2038 estt
1507 1943 1726 2034 &additur
1751 1942 1885 2030 medio
1907 1951 2037 2030 motui

607 2068 707 2148 lunae
735 2065 800 2150 ubi
833 2090 932 2151 terra
960 2075 1084 2178 pergit
1120 2066 1168 2151 ab
1198 2067 1348 2178 aphelio
1376 2067 1440 2152 fito
1467 2063 1514 2151 ad
1543 2067 1795 2179 peribolum,
1827 2077 1868 2148 δι
1897 2072 1936 2148 in
1965 2093 2036 2176 op·

607 2185 727 2300 potiti
756 2185 859 2274 orbis
888 2207 998 2306 parte
1022 2181 1253 2312 subducitur.
1327 2182 1562 2274 assumendo
1594 2181 1744 2276 radium
1775 2183 1878 2270 orbis
1904 2192 2037 2294 magni

1928 2333 2035 2386 tono

605 2642 860 2720 <quinctium
878 2642 987 2706 inuenit
1007 2645 1121 2720 5430&
1139 2641 1303 2705 Newtonus
1389 2642 1449 2720 (i)
1487 2641 1508 2692 ἵ
1538 2649 1568 2702 in
1589 2647 1700 2722 Apogaeo
1720 2641 1757 2704 δ’
1773 2644 1889 2720 Petigaeo
1909 2637 2036 2720 milred

610 2720 749 2792 5505)est
764 2741 845 2794 μοῖς
851 2721 878 2801 f,
889 2721 958 2780 hinc
968 2721 1007 2781 esi
1014 2721 1136 2800 f=t14⁷
1151 2723 1301 2780 secundum
1352 2715 1523 2804 iduotnnind
1540 2719 1633 2810 liquet
1653 2737 1687 2780 etr
1705 2719 1823 2779 Coreli.
1846 2739 1872 2776 a.
1887 2721 1989 2780 Probi·
2003 2721 2039 2779 V.

608 2795 749 2864 Caffinutn
779 2803 805 2856 dt
839 2804 912 2875 5218
939 2795 1090 2857 secundum
1124 2796 1301 2867 Newtonum
1352 2795 1457 2872 prioris
1479 2797 1595 2863 calculi,
1615 2814 1731 2855 namet
1749 2793 1786 2854 iit
1804 2792 2039 2872 quaeineoCo·

609 2869 689 2951 quod
699 2889 848 2951 urtumque
859 2875 970 2952 dudum
981 2872 1113 2948 inmottt
1124 2869 1301 2951 ptiuseffieit
1352 2871 1476 2933 rollario
1495 2873 1651 2933 statuuntur
1672 2871 1764 2949 liquet
1781 2873 1859 2948 quod
1882 2887 1914 2930 ur
1935 2871 2036 2930 habea·

611 2963 661 3014 181
667 2953 732 3021 9.85
745 2949 867 3009 aiterum
880 2953 981 3013 titt-‚2
991 2967 1112 3036 cumque
1119 2947 1181 3029 psrt
1194 2969 1259 3017 719,
1270 2946 1301 3007 id
1353 2965 1396 3006 tut
1415 2947 1555 3024 AEquatio
1570 2946 1671 3026 quovit
1688 2949 1718 3007 in
1736 2947 1817 3012 loco,
1838 2947 1898 3006 hae
1917 2964 2039 3026 propot-

608 3044 644 3086 ex
685 3024 760 3084 tiore
778 3027 933 3087 dettastum
955 3024 1091 3102 relinquit
1118 3035 1247 3093 noodr,
1266 3043 1301 3084 etr
1352 3023 1395 3084 tio
1414 3026 1453 3084 esi
1467 3023 1645 3091 instituenda,
1667 3041 1696 3082 ut
1709 3040 1781 3084 ateae
1801 3021 1940 3098 ruipreos
1957 3037 2039 3101 quam

611 3046 773 3189 posseriore
803 3121 930 3174 trem
961 3101 1010 3179 qui
1041 3100 1148 3158 numeri
1173 3097 1303 3159 incidunt
1352 3101 1439 3159 Tetri
1463 3098 1598 3160 describit
1625 3099 1776 3163 dimidium
1800 3101 1954 3160 aduttum
1977 3097 2038 3183 des·

609 3195 686 3237 rnttt
705 3195 777 3242 1172
805 3181 831 3236 dt
856 3183 932 3238 1085
953 3195 1026 3256 quor
1047 3196 1099 3255 pto
1127 3175 1301 3236 Excentrici-
1351 3175 1472 3253 criptam
1492 3179 1512 3236 ὲ
1534 3177 1621 3236 Tetti
1649 3179 1686 3237 ab
1711 3175 1840 3254 Aphelio
1866 3177 1938 3252 (vel
1963 3179 2039 3236 Petr-

611 3252 680 3315 tatis
709 3250 868 3313 variatione
900 3251 1031 3332 effignant
1060 3251 1225 3315 Newt-onus
1252 3268 1301 3312 aut
1352 3251 1456 3324 helio)
1480 3250 1566 3327 usque
1590 3252 1625 3311 ad
1645 3271 1709 3312 eum
1734 3255 1829 3311 iocum
1850 3253 2038 3330 propositum,

610 3326 743 3404 Halieion
768 3328 944 3392 &Caffinua
1352 3327 1394 3388 ita
1413 3327 1549 3388 semestris
1569 3326 1694 3388 tardatio
1714 3327 1749 3387 ad
1773 3328 1971 3389 tardationem
1983 3345 2040 3387 tue·

647 3407 716 3482 (¹5)
746 3404 768 3451 ⁴⁸
793 3407 869 3485 Hisce
880 3423 1000 3464 motatum
1014 3407 1068 3464 dc.
1092 3405 1161 3466 Hac
1173 3403 1299 3464 estenim
1352 3403 1448 3464 dioeri
1468 3404 1560 3464 motui
1585 3401 1780 3478 adscriptam,
1800 3402 1847 3463 sed
1868 3403 1899 3464 in
1917 3403 2039 3466 hocca·

611 3479 741 3544 veritatis
760 3481 821 3558 ejm
839 3481 972 3542 Theotiae
987 3480 1134 3540 sortiffima
1154 3481 1299 3558 probatio,
1354 3481 1383 3542 su
1406 3499 1439 3541 ea
1460 3500 1523 3539 area
1543 3483 1563 3540 ἡ
1583 3483 1670 3540 Terra
1691 3478 1834 3559 descripta
1855 3481 1895 3540 esi
1919 3481 1977 3559 ipsa
1997 3478 2040 3540 se·

528 3559 531 3572 “
609 3557 689 3618 fica
714 3575 777 3633 qun
795 3556 1001 3616 Mathematice'
1021 3557 1197 3615 deducuntur
1214 3577 1250 3614 ex
1268 3556 1303 3616 ti
1353 3553 1552 3634 nti-Eilipsit.
1580 3575 1650 3634 ergo
1676 3554 1763 3618 etiam
1790 3557 1913 3618 tardatio
1946 3557 2041 3616 medio

611 3631 739 3694 Theorii
759 3635 885 3711 apprime
903 3628 1084 3691 consentiant
1101 3651 1165 3691 cum
1182 3630 1302 3692 Phaeno·
1354 3631 1446 3693 motui
1461 3629 1603 3709 adscripta
1617 3632 1657 3692 est
1673 3631 1731 3710 ipsa
1746 3631 1884 3694 semestris
1904 3630 2042 3703 tardeti03

612 3707 713 3770 menis,
727 3707 755 3765 itt
779 3705 843 3767 casu
865 3707 985 3766 manime¹
1005 3707 1179 3782 composito.
1354 3715 1427 3770 Tum
1446 3709 1514 3769 rttd
1530 3707 1645 3768 sumitur
1661 3729 1696 3768 ex
1716 3709 1814 3773 Probi.
1834 3710 1894 3770 lv.
1916 3707 2043 3770 tardatio

647 3784 718 3862 (h)
757 3781 779 3828 *
812 3789 874 3842 Hae
891 3788 937 3840 uis
953 3789 982 3840 in
1000 3787 1114 3862 Perigaeo
1134 3783 1199 3841 Sosis
1218 3787 1304 3855 major
1354 3784 1424 3846 loco
1452 3783 1522 3844 dato
1542 3784 1715 3845 conveniens
1763 3804 1802 3846 υτ,
1826 3803 1860 3846 ex
1881 3787 2044 3846 tardatione

614 3859 709 3942 tp&
727 3859 819 3918 orbem
839 3863 918 3916 Luttae
938 3857 1054 3930 dilatam
1085 3858 1134 3918 Vir
1156 3858 1232 3919 Solis
1251 3861 1305 3920 ali·
1355 3859 1496 3922 mediocri
1515 3861 1651 3926 tollitur,
1672 3865 1697 3920 dt
1719 3859 1748 3920 di
1771 3862 1880 3924 etentia
1897 3862 1939 3922 eii
1953 3880 2045 3936 aequa·

638 3937 732 3998 nando
744 3932 908 4011 adjungitur
920 3933 948 3992 tri
965 3937 1058 3994 Terta
1077 3951 1108 3993 ut
1121 3935 1227 3994 Lunam
1242 3955 1305 3995 ter·
1351 3938 1399 3998 tio
1416 3935 1526 4014 quesita
1540 3958 1550 4006 3
1572 3934 1618 3997 sed
1638 3935 1729 3998 rursus
1745 3957 1779 3999 ea
1799 3936 1924 4000 tardatio
1946 3937 2046 4015 Aphe-

613 3959 659 4076 sus
681 4015 798 4096 Terram
818 4008 966 4076 attrahat,
985 4010 1140 4086 aliquando
1154 4009 1242 4088 idque
1256 4011 1303 4073 sae·
1355 4013 1401 4072 lio
1422 4030 1470 4072 aut
1487 4012 1632 4074 Perihelio
1656 4013 1831 4076 conveniens
1853 4013 1893 4075 est
1914 4013 1979 4092 ,ipsa
2003 4015 2047 4074 se-

614 4089 678 4171 pitis
696 4096 722 4148 &
742 4091 792 4147 ubi
813 4083 917 4162 fortitu
940 4084 1000 4165 agit
1027 4086 1053 4146 ri
1078 4091 1172 4145 Tertae
1190 4087 1230 4148 esi
1249 4107 1305 4166 op-
1356 4087 1465 4150 mefitis
1483 4088 1630 4158 tardatio,
1649 4110 1736 4168 ergo,
1752 4111 1788 4152 etr
1807 4086 1971 4152 tardatione
1985 4107 2047 4149 rue·

613 4164 729 4248 posita,
751 4170 777 4222 iit
804 4163 909 4222 [unam
935 4165 950 4222 d
973 4163 1060 4222 Tetti
1084 4161 1233 4230 distrahit,
1254 4163 1306 4225 ita·
1358 4163 1452 4226 diocti
1473 4165 1564 4224 motui
1593 4185 1630 4226 eo
1659 4166 1688 4225 in
1714 4168 1784 4228 loco
1808 4165 1975 4243 adscripta,
1996 4168 2046 4226 de·

616 4261 674 4324 que
693 4259 759 4302 toto
780 4234 879 4298 effetiu
902 4237 942 4300 vis
961 4239 1036 4325 ¹So'lit
1055 4237 1133 4298 stmul
1150 4237 1307 4300 confidem·
1359 4243 1446 4302 trade
1466 4242 1573 4301 nullum
1586 4241 1626 4302 esi
1639 4242 1792 4312 residuunt,
1810 4262 1876 4304 oum
1894 4241 1979 4320 praue·
1996 4241 2048 4302 fiet

615 4333 670 4382 to.
700 4320 778 4376 Luna
795 4331 845 4392 pet
865 4332 928 4373 eam
944 4333 1000 4374 vrm
1017 4318 1036 4373 ὲ
1060 4313 1148 4373 Tetti
1174 4315 1307 4374 distrahi·
1357 4318 1498 4394 aquales,
1519 4336 1590 4398 ergo
1609 4319 1734 4396 equatio
1746 4320 1778 4380 iu
1791 4324 1922 4400 Apogaeo
1938 4337 1975 4381 tto
1992 4322 2048 4380 Pe-

614 4409 662 4456 tur
682 4398 708 4452 ἃ
731 4393 766 4450 ed
780 4388 869 4468 magis
882 4388 940 4465 qud
953 4409 986 4450 ea
1005 4389 1043 4448 vis
1062 4389 1137 4449 Solis
1151 4391 1242 4469 major
1258 4390 1306 4464 eti3
1359 4394 1446 4472 rigaeo
1467 4391 1547 4455 nulla
1559 4385 1617 4455 esis
1760 4457 1762 4460 .

616 4469 744 4544 ideoque
774 4467 850 4524 luna
872 4466 961 4544 tnagis
987 4469 1007 4526 ὁ
1032 4465 1121 4524 'serti
1145 4465 1307 4529 distrahitur
1397 4471 1456 4547 (ir)
1494 4469 1516 4516 ²*
1548 4478 1580 4532 Itt
1603 4473 1730 4534 mediocri
1750 4461 1817 4534 inu
1836 4469 1963 4550 ἥβων
1985 4471 2050 4538 ἀι.

615 4545 685 4606 dum
695 4549 785 4601 Tetra
797 4539 922 4626 versatur
943 4562 973 4599 tn
993 4543 1043 4600 suo
1058 4541 1306 4628 Petihesio-qudm
1360 4546 1501 4608 Videntur
1521 4545 1581 4608 hac
1598 4551 1683 4608 verba
1711 4545 1831 4608 statuere
1849 4547 1919 4620 quid
1938 4549 2050 4610 constet

616 4623 666 4679 ubi
687 4617 809 4678 versatur
831 4635 860 4672 tn
879 4616 1026 4692 Apheiin:
1058 4617 1127 4676 lunc
1146 4636 1237 4692 ptrmo
1260 4639 1309 4682 ca·
1358 4641 1394 4682 etr
1420 4623 1698 4686 observationibus.
1730 4641 1831 4700 nempe
1858 4622 1935 4686 hanc
1957 4645 2053 4704 :qua-

544 4752 549 4760 ,
605 4687 648 4754 ‘su
671 4691 766 4755 orbita
794 4690 876 4750 Luna
901 4692 990 4772 magis
1014 4691 1053 4752 esi
1076 4690 1199 4756 dilatata
1220 4698 1308 4776 quint
1360 4697 1472 4758 tionem
1497 4699 1551 4760 ese
1577 4698 2052 4787 rt¹.50[‘.ubimartimat1i‚&

615 4769 678 4840 hoo
696 4771 802 4839 attero.
1360 4773 1414 4838 est
1435 4774 1590 4855 equationi
1606 4793 1701 4840 eentrt
1717 4775 2056 4914 proportionalemsr'ob·

1467 4877 1475 4894 ·
1970 4871 2055 4917 etta·
2116 4883 2119 4891 <
