4318 5682
415 639 470 700 lie
487 637 576 698 Mott-

417 731 452 778 ot
471 714 578 774 Susruss

419 805 550 856 Mul.

514 525 518 531 ·
602 492 681 592 tto
869 475 1320 581 tartaronum·
1380 490 1733 580 Nnrurtnttt
1867 489 1876 497 '

600 625 721 717 rentii
747 637 881 716 oritur.
950 634 1048 714 Solis
1088 638 1203 742 igitur
1238 642 1279 715 δι
1309 635 1407 715 lunae
1435 643 1473 716 in
1504 629 1697 746 aquatote
1725 623 1959 712 versantium·
1982 635 2022 712 ἃ

600 749 846 854 mediocriter
873 754 893 832 i
921 749 1020 831 terrai
1046 743 1264 832 distantium
1291 749 1405 834 sunto
1428 764 1529 838 vires
1556 759 1580 838 S
1606 765 1647 837 δι
1669 755 1727 850 L,
1758 764 1800 836 δι
1822 757 1896 831 erit
1924 750 2022 838 L÷s

581 869 649 956 'ad
676 873 835 954 L-S-ut
865 897 917 968 45
951 863 1003 948 ad
1032 893 1113 970 25,
1146 872 1208 950 seu
1238 897 1261 962 9
1293 865 1340 951 ad
1368 899 1400 975 5.

658 995 700 1074 ln
726 1011 841 1100 portu
869 983 1058 1100 Plymutln'
1083 990 1187 1070 aelius
1212 996 1326 1070 matis
1343 1019 1404 1070 ex
1426 991 1694 1074 observatione
1722 986 1905 1068 Samuelis
1929 981 2027 1062 Cole-

596 1107 700 1225 pteffi
728 1098 918 1218 ard-pedes
944 1110 1025 1216 plus
1058 1113 1184 1188 minus
1213 1103 1404 1190 sexdecim
1438 1105 1642 1194 altitudine
1670 1103 1859 1190 mediocri
1889 1109 2027 1188 attolli-

598 1232 686 1325 tur,
718 1257 764 1316 ac
799 1249 977 1335 tempore
1009 1252 1130 1307 verno
1161 1233 1437 1322 &autumnali
1472 1225 1635 1312 altitudo
1670 1231 1774 1310 aelius
1804 1233 1843 1306 in
1871 1223 2026 1333 &zygiis

500 1385 502 1389 ·
597 1348 770 1457 superare
804 1348 925 1454 potest
950 1341 1194 1428 altitudinem
1222 1349 1300 1450 ejus
1323 1353 1362 1427 in
1385 1344 1623 1458 quadlaturis
1654 1341 1815 1456 pedibus
1843 1348 1929 1454 plus
1954 1341 2026 1452 sep·

598 1475 684 1552 tem'
711 1467 770 1546 vel
803 1467 904 1547 otro.
967 1465 1006 1545 Si
1035 1471 1203 1546 maxima
1227 1465 1363 1546 harum
1386 1461 1633 1549 altitudinum
1659 1459 1877 1550 differentia
1898 1461 1941 1543 fit
1966 1488 2027 1570 pe
2134 1545 2135 1576 p

493 1683 495 1690 Ι
598 1581 694 1666 dum
722 1609 895 1678 novem,
926 1588 998 1662 etit
1029 1585 1129 1672 L÷s
1158 1579 1207 1665 ad
1238 1586 1329 1669 L-s
1355 1608 1398 1668 ut
1423 1590 1500 1680 20}
1526 1581 1576 1667 ad
1612 1583 1842 1680 11}seu41
1884 1575 1934 1662 ad
1961 1605 2027 1680 23.

599 1707 705 1808 Quat,
730 1708 933 1812 proportio
967 1697 1050 1782 satis
1086 1709 1263 1814 congruit
1292 1731 1383 1786 cum
1415 1711 1554 1814 priore.
1596 1701 1691 1816 ‚Ob
1722 1694 2026 1810 magnitudinem

600 1825 703 1908 aestus
737 1829 776 1902 in
817 1841 929 1930 portu
960 1813 1153 1930 Brisloliae,
1202 1819 1528 1906 observationibus
1560 1821 1714 1900 Sturmii
1754 1826 1876 1928 magis
1907 1815 2030 1922 fiden-

542 1967 544 1972 ’
600 1935 697 2021 dum
727 1931 800 2018 else
835 1933 1015 2034 videtur,
1064 1934 1231 2045 ideoque
1268 1935 1396 2025 donec
1427 1937 1573 2048 aliquid
1612 1945 1752 2023 certius
1785 1942 2028 2056 constiterit,

511 2157 516 2164 ν
599 2063 894 2173 proportionem
920 2085 941 2149 9
973 2053 1063 2160 ad5
1093 2053 1362 2169 usurpabimus.

649 2181 857 2264 *Caeterum
884 2175 936 2256 ob
971 2195 1157 2286 aquarum
1186 2185 1403 2288 reciprocos
1434 2203 1587 2275 motus,-
1630 2182 1733 2261 alius
1762 2183 1927 2261 maximi
1951 2203 2030 2258 non

601 2292 782 2406 incidunt
811 2303 850 2378 in
881 2293 972 2402 ipsas
1000 2299 1246 2416 luminarium
1272 2295 1465 2408 syzygias,
1504 2293 1573 2380 sed
1591 2297 1674 2380 sunt
1702 2304 1804 2380 tertii
1827 2301 1849 2378 lt
1874 2293 2032 2406 syzygiis

602 2441 647 2500 ut
671 2411 817 2496 dilium
846 2411 946 2508 suit,
976 2407 1038 2494 seu
1062 2413 1237 2523 proxime
1266 2413 1470 2524 sequuntur
1504 2425 1660 2501 tertium
1690 2420 1786 2498 luna
1822 2417 1905 2524 post
1929 2412 2033 2518 lyzy·
2135 2467 2136 2484 t

602 2542 682 2647 gias
708 2530 902 2642 appulsum
926 2526 973 2610 ad
999 2529 1255 2616 meridianum
1279 2535 1370 2631 loci,
1404 2541 1467 2619 vel
1487 2543 1614 2646 potius
1636 2545 1706 2633 (ut
1730 2537 1752 2616 ”n
1777 2533 1938 2614 Srutmio
1964 2559 2026 2614 no.

525 2703 529 2710 ·
602 2656 725 2746 tatur)
773 2649 857 2734 sunt
884 2656 991 2732 tertii
1015 2653 1098 2760 post
1132 2646 1237 2733 diem
1277 2657 1466 2738 novilunii
1502 2659 1563 2736 vel
1594 2657 1821 2765 plenilunii,
1854 2651 1918 2734 seu
1950 2653 2029 2758 post

603 2775 744 2862 horam
773 2771 793 2850 i
813 2772 1012 2852 novilunio
1031 2773 1091 2851 vel
1108 2771 1320 2878 plenilunio
1343 2773 1426 2880 plus
1452 2781 1577 2856 minus
1598 2767 1899 2867 duodecimam,
1928 2765 2033 2852 ideo-

604 2919 681 3005 que
723 2885 899 2970 incidunt
930 2894 969 2969 iu
1001 2888 1137 2970 horam
1165 2891 1187 2974 ὲ
1218 2891 1419 2972 novilunio
1450 2895 1511 2974 vel
1550 2894 1759 3001 plenilunio
1795 2893 1880 2999 plus
1908 2897 2033 2971 minut

604 3001 933 3122 quadragesimam
962 3013 1126 3089 tertiam.
1185 3004 1368 3092 Incidunt
1397 3038 1490 3090 vero
1520 3019 1560 3093 in
1582 3010 1659 3092 hoc
1690 3031 1805 3120 portu
1832 3017 1872 3090 in
1895 3010 2032 3090 horam
2136 3005 2137 3054 ¹

602 3132 801 3239 septimam
834 3132 986 3208 circiter
1013 3125 1061 3206 ab
1085 3127 1238 3236 appulsu
1264 3131 1362 3210 lunae
1385 3123 1436 3211 ad
1463 3125 1719 3211 meridianum
1742 3133 1832 3214 loci;
1864 3124 2027 3232 ideoque

601 3245 777 3362 proximi:
806 3245 1012 3354 sequuntur
1037 3247 1231 3355 appulsum
1255 3249 1353 3330 lunae
1384 3242 1433 3328 ad
1452 3243 1736 3342 meridianum,
1757 3242 1839 3326 ubi
1861 3248 1953 3326 luna
1979 3237 2034 3322 di-

543 3393 545 3398 ’
600 3371 672 3452 stat
703 3367 725 3450 *a
753 3363 830 3451 sole
857 3368 918 3446 vel
950 3363 998 3444 ab
1030 3365 1272 3474 oppositione
1302 3365 1386 3448 solis
1410 3361 1591 3477 gradibus
1616 3370 1697 3476 plus
1722 3371 1848 3446 minus
1878 3357 2032 3446 octode-

602 3495 682 3573 cim
710 3489 777 3572 vel,
804 3476 1076 3566 novemdecim
1103 3491 1159 3593 in
1180 3482 1462 3593 consequentia.
1524 3487 1642 3568 AEstas
1671 3495 1712 3567 iit
1748 3483 1886 3586 hyems
1917 3487 2031 3563 maxi·

603 3631 671 3690 me
693 3608 849 3712 vigent,
892 3631 971 3683 non
1001 3609 1040 3684 in
1065 3603 1152 3712 ipfis-
1176 3601 1361 3698 solstitiis,
1406 3599 1469 3684 sed
1504 3601 1570 3685 ubi
1602 3601 1656 3685 sol
1687 3595 1798 3683 distat
1823 3603 1846 3681 ir
1869 3604 2037 3684 solstitiis:

606 3720 761 3806 decimi
785 3726 938 3804 circiter
969 3741 1075 3830 parte
1102 3727 1220 3804 totius
1252 3729 1461 3820 circuitus,
1510 3720 1571 3804 seu
1592 3715 1772 3834 gradibus
1798 3721 1886 3829 plus
1912 3729 2036 3802 minus·

611 3855 661 3946 36
690 3841 752 3920 vel
784 3866 846 3944 37;
907 3839 955 3920 Et·
977 3837 1146 3919 fimiliter
1171 3850 1360 3924 maximus
1388 3845 1497 3924 :ellus
1519 3847 1634 3922 maris
1657 3847 1777 3921 oritur
1805 3838 1855 3920 ab
1886 3835 2032 3950 appulsu

607 3964 707 4048 lunae
733 3951 782 4038 ad
812 3952 1067 4040 meridianum
1088 3961 1164 4040 loci
1178 4020 1189 4056 ,
1220 3960 1287 4042 ubi
1311 3964 1399 4042 luna
1420 3958 1531 4044 distat
1554 3959 1576 4043 *a
1601 3957 1677 4040 sole
1701 3951 1853 4040 demna
1884 3965 2035 4039 circiter

521 4087 523 4092 ’
607 4101 715 4190 parte
744 4101 872 4160 motus
895 4081 1017 4158 totius·
1035 4077 1083 4160 ab
1104 4081 1190 4161 astu
1217 4076 1267 4162 ad
1285 4084 1425 4165 aestum.
1486 4079 1544 4163 Sit
1569 4075 1744 4160 distantia
1767 4078 1830 4157 illa
1849 4071 2032 4187 graduum

463 4705 503 4752 n
516 4699 544 4758 ta·

606 4201 694 4309 plus¹
720 4203 846 4300 minus
881 4202 964 4298 18}
1035 4201 1083 4280 Et
1108 4195 1183 4298 (d)
1210 4206 1266 4282 vi's
1289 4199 1372 4282 solis
1398 4191 1538 4282 in'haic
1560 4191 1732 4280 distantia
1757 4197 1857 4279 luna
1887 4197 1909 4276 i
1938 4193 2035 4298 syzy-

606 4325 677 4434 giis
705 4327 747 4404 dc
772 4308 1040 4434 quadraturis,
1073 4323 1203 4430 minor
1230 4326 1305 4402 erit
1328 4313 1384 4402 ad.
1402 4313 1621 4433 augendum
1646 4326 1688 4400 dt
1714 4307 1763 4396 ad
1784 4307 2037 4396 minuendum·

1888 4454 2039 4515 motum

636 4679 707 4776 (fii
745 4685 880 4748 *teve
896 4687 972 4776 ⁸⁰¹³?-
1004 4687 1224 4753 irruentium.
1249 4709 1298 4752 ro·
1349 4705 1429 4770 patet
1456 4687 1632 4769 exiitque
1656 4685 2018 4768 immediartpaeriann

593 4781 767 4850 peruenerat.
789 4781 849 4827 non
874 4763 996 4828 multum
1021 4771 1042 4830 t
1073 4769 1143 4830 vero
1184 4768 1301 4830 dieue
