4482 5658
593 406 709 540 mn
990 455 1625 539 rurnooucrro

591 582 776 671 Quadrum
809 583 999 675 ABCD,
1032 580 1205 686 ¹telescopii
1241 583 1386 681 cujusvis
1421 588 1645 685 longitudinis
1681 587 1763 663 tubo
1795 589 1831 663 in
1865 585 2020 668 disten&

590 683 660 757 foci
684 687 860 780 objedlivar
880 688 977 761 lentis
1003 688 1052 762 ita
1076 711 1206 783 aptatur
1230 713 1268 760 ut
1301 685 1400 782 ipsius
1432 691 1551 786 quadri
1578 693 1716 786 planum
1743 697 2017 790 perpendiculare

589 779 631 855 stt
654 790 706 858 ad'
720 789 890 884 telescopii
917 813 1025 861 axem.
1077 787 1145 860 His
1171 787 1220 860 ita
1244 785 1456 876 constitutis,
1489 790 1706 890 telescopium
1728 793 1765 862 in
1788 795 1912 866 coelum
1937 822 2018 868 con·

589 908 739 960 vertatur
765 891 803 962 δι
833 890 880 960 iria
903 889 1097 985 disponatur
1121 911 1160 962 ut
1188 892 1264 962 duae
1287 889 1385 961 stella
1408 885 1486 962 fixae
1510 915 1653 986 quarum
1681 889 1834 965 distantia
1858 921 2020 993 apparens

590 985 628 1056 in
657 991 796 1059 minutis
822 987 973 1076 secundis
993 989 1129 1062 aliunde
1159 1014 1239 1062 nora
1258 987 1321 1078 srt,
1347 988 1411 1061 smr
1430 992 1466 1060 in
1487 987 1547 1062 filo
1572 991 1778 1065 transversali
1806 993 1901 1078 KL,
1929 993 2021 1092 poll·
2164 1045 2169 1055 ,

591 1106 634 1156 tae
660 1088 877 1183 verseturque
900 1091 1037 1162 cochlea
1058 1093 1168 1165 donec
1193 1087 1290 1162 filum
1317 1091 1443 1163 mobile
1466 1091 1561 1180 hL,
1588 1119 1647 1191 per
1671 1117 1826 1166 centrum
1852 1121 1896 1182 x,
1922 1093 2021 1168 stellae

591 1188 693 1260 unius
718 1188 892 1275 transeat,
924 1191 1061 1262 alterius
1087 1188 1187 1263 stellae
1213 1216 1327 1264 centro
1359 1215 1418 1271 m,
1455 1193 1511 1264 vel
1543 1217 1584 1278 n,
1618 1192 1779 1266 existente
1802 1196 1839 1265 in
1871 1195 1938 1266 alio
1961 1193 2022 1266 filo

592 1289 666 1373 ab,
690 1289 745 1360 vel
766 1291 826 1359 cd.
891 1288 971 1361 Hac
991 1287 1222 1364 observatione
1254 1316 1375 1364 notum
1404 1292 1467 1363 erit
1499 1295 1634 1364 cuinam
1660 1292 1822 1366 distantiae
1847 1297 2020 1390 apparenti

593 1385 790 1481 respondeat
814 1389 995 1484 longitudo
1024 1413 1109 1475 mx,
1135 1394 1191 1464 vel
1215 1417 1292 1474 nx,
1319 1394 1354 1463 in
1376 1392 1472 1463 lineis
1495 1394 1534 1463 δι
1558 1393 1655 1466 linear
1678 1397 1827 1487 partibus
1852 1397 1950 1482 data,
1977 1397 2017 1466 &

593 1485 675 1560 inde
697 1513 757 1586 per
782 1488 1010 1589 proportionis
1034 1495 1206 1590 regulam,
1232 1491 1408 1568 observati
1431 1492 1581 1592 qnalibet
1604 1493 1669 1566 alid
1693 1491 1839 1568 siderum
1868 1492 2023 1570 dillantid

604 3017 688 3091 nq,
714 2993 848 3070 dabitur
872 2999 1016 3098 angulus
1045 2998 1104 3071 sub
1128 3019 1198 3092 quo
1222 2999 1294 3070 haec
1321 2995 1475 3070 distantia
1506 2999 1600 3070 nudo
1623 2996 1724 3068 oculo
1753 2997 1951 3075 videretur,n
1977 2992 2031 3064 in·

604 3097 747 3170 ferendo
770 3095 833 3171 stc:
861 3121 899 3173 ur
922 3125 957 3173 m
972 3126 995 3170 x
1020 3100 1077 3173 vel
1099 3123 1156 3170 nx
1178 3101 1219 3170 ad
1243 3123 1308 3193 nq,
1335 3099 1383 3172 itit
1403 3099 1558 3172 distantia
1581 3121 1741 3195 apparens
1763 3095 1928 3170 stellarum
1948 3097 2033 3166 dua-

603 3221 684 3270 rum
709 3223 767 3281 m,
793 3201 848 3277 vel
872 3227 917 3281 n,
944 3205 983 3274 dc
1007 3227 1030 3270 x
1050 3202 1092 3270 ad
1107 3195 1295 3270 distantiam
1314 3224 1528 3297 apparentem
1551 3198 1756 3293 pundlorum
1779 3223 1802 3268 n
1817 3202 1855 3270 δι
1872 3223 1905 3294 q.
1950 3191 2034 3266 Mo·

606 3321 725 3372 veatur
753 3301 821 3393 jam
849 3303 1015 3397 quadrum
1043 3299 1118 3374 EF
1135 3299 1220 3370 GH
1255 3324 1319 3393 ope
1343 3299 1542 3398 receptaculi
1563 3297 1666 3370 striari
1698 3302 1807 3371 donec
1838 3296 1935 3370 filum
1962 3297 2034 3386 ejus

604 3397 750 3473 sericum
772 3401 841 3488 hl,
867 3401 984 3473 exadle
1011 3402 1191 3472 conveniat
1221 3400 1357 3473 cuilibet
1385 3427 1427 3472 ex
1455 3398 1521 3472 filis
1547 3398 1708 3496 parallelis
1736 3398 1867 3469 alterius
1890 3397 2034 3492 quadri,

455 3514 457 3517 ’
536 3509 538 3518 ’
600 3523 812 3593 ,noteturque
842 3497 963 3597 positio
986 3501 1209 3572 auricularum
1235 3502 1434 3596 receptaculi
1459 3505 1498 3572 dc
1528 3502 1651 3572 iterum
1677 3523 1854 3571 moveatur
1887 3515 2035 3592 recepta·

606 3601 726 3672 oulum
751 3601 860 3671 donec
881 3603 972 3674 idem
993 3597 1088 3670 filum
1106 3601 1226 3694 quadri
1246 3601 1319 3674 EF
1330 3601 1413 3675 GH
1441 3602 1597 3696 proximo
1622 3593 1681 3668 filo
1701 3598 1837 3670 alterius
1859 3618 2037 3696 congruat,

608 3701 688 3778 vel,
714 3701 809 3794 quod
830 3701 922 3772 idem
949 3697 1011 3779 est,
1037 3723 1215 3773 moveatur
1237 3704 1404 3796 quadrum
1428 3699 1497 3771 EF
1507 3700 1616 3779 GH,
1642 3723 1701 3796 per
1727 3697 1871 3794 spatium
1892 3718 2036 3797 quatuor

606 3800 794 3888 linearum,
820 3825 1105 3896 numerenturque
1131 3801 1358 3874 revolutiones
1384 3800 1644 3896 receptaculi&
1671 3823 1781 3895 partes
1814 3805 1914 3874 unius
1938 3825 2039 3874 revo-

608 3901 748 3975 lutionis
772 3923 848 3994 quae
874 3897 1010 3972 filorum
1028 3901 1206 3974 intervallo
1232 3903 1395 3990 linearum
1416 3923 1561 3995 quatuor
1588 3904 1807 3973 conveniunt.
1862 3901 2039 3975 Condatur

605 4002 749 4080 tandem
782 4001 893 4072 tabula
929 4001 1183 4074 revolutionum
1212 3991 1476 4098 receptaculi&
1513 4003 1661 4098 partium
1692 4004 1764 4095 ejus
1793 4027 1869 4098 quae
1901 3999 2041 4100 singulis

609 4102 753 4176 minutis
774 4103 953 4200 primis&
979 4101 1129 4174 secundis
1151 4125 1194 4173 ert
1219 4124 1302 4174 noto
1323 4099 1472 4197 superius
1497 4125 1571 4175 toto
1593 4104 1771 4176 intervallo
1794 4105 1969 4175 debentur.

666 4209 751 4302 38..
780 4201 854 4274 Ubi
886 4204 1048 4274 diameter
1072 4201 1287 4297 ¹planetarum
1318 4205 1385 4274 erit
1421 4202 1646 4293 observanda,
1691 4203 1823 4274 direclo
1861 4201 2043 4298 relescopio

609 4327 693 4376 oum
717 4305 933 4374 micrometro
957 4304 1004 4386 ad,
1025 4301 1192 4400 planetam
1223 4303 1271 4375 id
1294 4301 1523 4398 disponantur·
1547 4300 1603 4376 fila
1629 4302 2043 4399 movendotelelcopium

611 4426 656 4476 ut
676 4399 790 4476 sideris
810 4403 933 4475 limbus
961 4425 1068 4474 unum
1092 4425 1136 4474 ex
1164 4399 1229 4476 filis
1253 4405 1415 4500 parallelis
1430 4455 1433 4463 ‚
1446 4405 1675 4476 immobilibus
1698 4427 1868 4499 percurrat
1880 4426 1893 4490 3
1918 4399 2045 4486 deinde

616 4505 867 4600 receptaculum
891 4527 1131 4590 convertatur,
1167 4506 1276 4578 donec
1306 4501 1404 4576 filum
1428 4503 1553 4575 mobile
1581 4505 1724 4575 limbum
1757 4505 1898 4576 alterum
1925 4503 2045 4576 Plane-

617 4627 662 4678 εκ
677 4607 865 4706 contingat.
920 4599 1151 4681 manifestum
1172 4599 1218 4686 tll
1240 4627 1283 4682 ex
1313 4599 1466 4709 distentia
1488 4604 1625 4702 cogniti
1648 4595 1736 4692 inter
1757 4599 1814 4680 ur
1836 4607 2045 4714 micrometri

1968 4728 2043 4801 quae
