4354 5678
406 469 1370 576 finiit·ic‚1tiiiuiint··tl.i·.:iis‚‚
1512 495 1597 594 ‘pst'

166 622 335 706 Terram,'
375 623 396 696 J
399 649 500 697 ovem
523 647 561 695 ac
586 624 775 696 Saturnum
800 619 958 696 similibus
990 624 1176 696 vorticibus
1191 622 1271 699 esse
1309 623 1438 702 sindlos
1456 654 1483 713 ‚a
1500 635 1599 710 unde

167 726 331 818 ejusmodi
351 727 494 797 vortices
516 725 598 795 nulli
625 728 767 804 omnino,
785 727 917 820 corpori
939 728 1110 796 mundano
1131 727 1290 822 denegari
1311 723 1401 823 posse
1422 730 1598 805 videntum

167 826 303 922 Parcius
327 828 466 920 quidem
488 823 543 896 hic
564 828 735 898 materiam
760 827 804 895 de
830 826 1012 896 vorticibus
1034 824 1279 908 traslavimus,
1323 825 1449 900 etiamst
1469 832 1507 904 in
1528 833 1594 906 illis

168 951 283 1000 veram
307 925 401 998 alliis
431 923 537 996 Maris
557 925 687 996 causam
711 947 899 1021 ponamus3
938 928 1004 995 hoc
1027 947 1140 996 autem
1164 928 1208 998 de
1238 926 1400 999 industris
1430 930 1594 1020 fecimus,

169 1029 247 1100 atim
270 1030 345 1096 hoc·
361 1049 596 1121 argumentum
616 1027 686 1120 jam·
709 1027 815 1095 toties
831 1019 870 1094 stt
888 1023 1066 1096 mediatum
1088 1049 1126 1094 ac
1145 1025 1216 1097 ferd
1232 1025 1427 1102 exhaustum
1441 1055 1472 1116 3··
1482 1055 1593 1128 neque

166 1130 263 1199 nobis
285 1127 480 1223 persuadete
501 1119 684 1220 possumus,
710 1119 734 1193 st
754 1126 818 1194 bisc
832 1121 1003 1194 occasione
1024 1123 1213 1198 doslrinam
1230 1129 1275 1198 de
1288 1130 1474 1206 vorticibus
1490 1135 1594 1208 etiam

164 1227 312 1312 metitis,
338 1251 440 1321 quarn
461 1229 647 1298 etiamnum
666 1226 687 1296 ‘a
705 1245 879 1317 quoquam
902 1221 949 1330 esi
970 1221 1097 1298 fassum
1118 1275 1131 1311 ‚
1169 1229 1424 1324 ertpediretuua‚
1450 1236 1496 1306 ob
1516 1257 1594 1311 eam

109 1341 111 1344 ’
162 1349 236 1400 rem
257 1330 432 1425 praemium
449 1327 546 1398 nobis
568 1331 733 1400 tributum
752 1325 817 1393 iti..
1633 1326 1637 1337 ¹

130 1587 136 1596 .
160 1564 1584 1616 ..amma-...mm

421 1667 426 1681 ι
494 1727 768 1808 CAPUT
821 1715 1249 1808 OCTAVUM.

280 1922 334 1990 De
352 1915 459 2018 AEsttis
478 1900 895 2025 Marirpert'usbatiomd
919 1918 1035 1991 Terris
1059 1942 1100 1990 ac
1125 1897 1477 2008 litteratissimis.)
1528 1969 1533 1976 ·
1581 1921 1587 1999 ζ

156 2107 190 2200 ς.
223 2127 321 2180 ιη.ν
398 2073 713 2177 xEttvistttttus
747 2104 882 2176 tandem
921 2105 965 2174 ad
1002 2104 1155 2198 ultimam
1189 2101 1308 2180 nostrae
1342 2105 1585 2206 disquifitionis

450 2227 599 2299 partem,
638 2227 713 2297 quae
734 2206 900 2301 precipua
924 2199 992 2290 esi,
1028 2206 1064 2275 in
1087 2205 1155 2310 qus
1182 2199 1370 2280 Theoriam
1466 2207 1589 2286 ositam

153 2306 199 2378 ad
220 2301 339 2379 statum
358 2307 508 2386 telluris,
543 2304 663 2399 inquo
688 2305 805 2378 revers
829 2305 1019 2398 reperitur,
1050 2306 1167 2377 debito
1188 2309 1293 2378 modo
1316 2235 1588 2388 accfflodibiae

154 2431 243 2478 inus.
297 2405 473 2480 Hactenus
495 2405 610 2490 enim,
636 2403 706 2498 qud
731 2403 834 2476 ardua
856 2395 913 2474 ista
930 2395 1116 2498 disquisitio
1142 2403 1270 2477 facilior
1293 2407 1513 2502 redderetur,
1540 2411 1591 2506 as>¹

153 2507 310 2578 omnibus
335 2502 594 2579 circumstantiis*
609 2505 756 2576 externis
777 2505 901 2597 quibus
926 2499 1066 2576 effeetus
1087 2503 1113 2584 a,
1136 2507 1266 2596 viribus
1289 2505 1376 2581 Sosis
1404 2536 1444 2584 ac
1472 2503 1581 2590 Luna

153 2608 307 2678 oriundis
328 2608 381 2680 vel
402 2605 526 2678 turbari
548 2605 603 2675 vel
628 2605 852 2676 determinato
874 2601 1087 2677 difficiliores,
1104 2608 1201 2678 reddi
1219 2599 1374 2706 polline,
1399 2617 1591 2712 cogitatio-‚

151 2729 232 2778 nem
256 2704 480 2780 abstraximus.
533 2702 648 2774 Primd
670 2703 792 2776 scilicet
813 2728 882 2774 non
901 2701 1009 2774 solum
1030 2730 1136 2778 totam
1152 2705 1295 2780 Terram
1319 2733 1362 2780 ex
1387 2716 1475 2811 aqui
1496 2744 1583 2791 con-

151 2803 267 2878 flatam
288 2805 481 2903 posuimus,
509 2803 687 2876 sedetiam
708 2803 862 2874 inertiam
886 2825 979 2896 aquae
996 2827 1109 2876 menta
1132 2803 1345 2898 sustulimus,
1372 2837 1411 2884 ut
1432 2815 1475 2888 ed
1499 2801 1585 2914 pau.¹

149 2909 259 2980 ciotes
289 2929 338 2980 res
365 2909 400 2978 in
424 2926 622 3001 computum
652 2903 814 2974 ducenda
844 2895 1054 2998 superessent.
1117 2901 1255 2982 Deinde
1281 2913 1409 2984 inertia
1436 2920 1584 3010 quidem

150 3009 329 3090 habuimus
352 3010 544 3090 rationem,
571 3029 609 3076 ac
633 3005 858 3099 precedentes
877 3003 1170 3078 determinationes
1194 3009 1308 3081 debito
1331 3015 1438 3086 modo
1465 3041 1579 3094 corre.

148 3110 275 3190 ximus3
296 3109 416 3178 verltm
427 3129 534 3178 totam
544 3103 686 3176 Terram
696 3103 783 3198 aqud
795 3105 1012 3202 undiquaque
1026 3104 1258 3181 circumfusam
1274 3107 1492 3205 assumsimus,
1520 3119 1584 3197 seu.

148 3211 334 3280 etiamnum
359 3206 538 3292 anomaliae
565 3201 585 3274 “a
618 3199 983 3300 Terrisnegleximus.
1046 3202 1151 3279 Nunc
1178 3211 1290 3306 iraque
1317 3213 1426 3288 nostra
1445 3221 1583 3294 theoria

148 3309 194 3378 ed
219 3305 265 3380 esi
293 3306 475 3401 perdudla,
510 3327 549 3376 ut
569 3303 654 3374 nihil
675 3295 818 3398 ampliits
841 3297 983 3398 adjicere
1007 3301 1134 3380 necesse
1161 3307 1270 3392 soret,
1304 3301 1488 3412 siquidem
1515 3319 1577 3392 aes-

47 3395 67 3406 *
146 3431 203 3480 tus
234 3405 341 3478 Maiis
371 3405 531 3478 itTerris
565 3399 796 3497 littoribusque
826 3399 1019 3478 sensibiliter
1049 3430 1120 3478 nori
1154 3409 1338 3486 alliceretur
1349 3440 1362 3503 3
1398 3413 1458 3488 nisi
1488 3417 1581 3494 forte

144 3509 322 3580 anomaliae
346 3509 500 3601 quaedam
521 3505 542 3576 a
564 3505 674 3574 ventis
695 3503 846 3576 oriundae
865 3509 1121 3579 commemorari
1134 3512 1330 3604 deberent,
1366 3539 1443 3613 quae
1461 3541 1581 3594 autem

146 3626 246 3681 motu
267 3631 363 3703 aquae
385 3605 559 3704 perspello
580 3601 677 3674 facile
700 3603 933 3695 adjudicantur
945 3657 957 3694 ,
985 3630 1087 3702 atque
1106 3613 1151 3682 ad
1175 3638 1291 3686 omnes
1312 3619 1456 3690 theorias
1478 3619 1580 3716 aequit

145 3712 327 3808 pertinent.
395 3707 630 3802 Quamobrem
665 3705 822 3784 ultimum
856 3709 922 3780 hoc
951 3731 1049 3804 ceput
1087 3710 1325 3810 destimvimui
1356 3719 1576 3814 explicationi

144 3811 454 3884 Phaenomenorum
477 3809 711 3906 quorumdam
727 3807 968 3906 singularium,
995 3835 1141 3908 quotum
1165 3815 1258 3888 causa
1279 3843 1349 3890 non
1370 3842 1441 3895 tant
1465 3822 1500 3892 in
1521 3823 1575 3918 ip·

144 3912 185 3982 sd
205 3911 292 4006 aqui
318 3913 513 4007 viribusque
540 3933 614 3981 eam
643 3908 913 3994 sollicitantibus,
948 3913 1052 4008 quim
1080 3917 1117 3986 in
1140 3913 1250 3988 Tetri
1272 3920 1458 3992 continenti
1479 3921 1577 3992 litto-

145 4013 305 4110 cibusque
326 4009 372 4084 ess
397 4013 594 4106 qu'aetenda:
621 4013 683 4080 hac
703 4011 794 4081 enim
816 4036 910 4106 parte
931 4011 1082 4085 absolutis
1104 4015 1189 4088 nihil
1208 4018 1351 4114 amplius
1375 4016 1490 4092 ressare
1516 4023 1573 4091 vi-

142 4114 258 4198 detur,
283 4116 380 4208 quod
394 4112 448 4184 vel
471 4113 514 4184 ad
528 4109 688 4182 Theoriae
707 4108 823 4182 nostrae
839 4107 1150 4200 confirmationem,
1176 4118 1231 4190 vel
1250 4121 1293 4189 ad
1307 4123 1460 4190 omnium
1474 4119 1575 4192 Phar,

143 4236 371 4286 nomenoium
397 4215 604 4307 adaequatam
635 4209 893 4304 explicationem
914 4207 1093 4312 desiderati
1117 4237 1228 4308 queat.
1253 4229 1254 4232 ’
1292 4217 1460 4304 Quamvis
1477 4221 1574 4290 enini

142 4309 361 4386 Illustrissima
385 4313 573 4388 Academia
597 4333 707 4402 totum
726 4314 793 4382 hoc
817 4335 937 4408 argum
967 4337 1054 4382 tum
1077 4339 1147 4386 non
1169 4315 1304 4412 penitsis
1324 4320 1491 4390 exhauriri
1512 4318 1571 4410 ju·

141 4415 245 4502 beat,
271 4417 349 4486 clim
367 4417 479 4490 adhuc
501 4412 679 4486 nonnullas
699 4409 897 4506 quaestiones
921 4337 1104 4485 εἷεῃεοάειῃ
1127 4417 1163 4486 in
1191 4413 1359 4512 posterum
1380 4443 1572 4514 proponere

139 4509 376 4598 constituisset,
401 4536 512 4587 tamen
535 4515 701 4609 quiahoc
722 4537 875 4612 tempore
895 4537 975 4586 vcra
998 4513 1092 4584 causa
1113 4511 1250 4614 physica
1270 4511 1482 4618 desideratur,
1507 4545 1572 4592 view

138 4615 278 4686 ritatem
298 4611 414 4688 nossrae
438 4617 576 4686 theoriae
599 4636 670 4684 non
696 4612 771 4685 satis
792 4610 985 4686 confirmati
1010 4615 1224 4702 arbitramur,
1262 4613 1321 4688 nist
1344 4619 1414 4710 ejus
1442 4643 1568 4692 conve·

137 4714 305 4820 uigutiatu
325 4736 403 4804 vain
431 4717 588 4818 omnibus
609 4713 844 4802 Phaenomenis
876 4713 1024 4895 dilgcide
1046 4713 1319 4816 ostenderemus,
1354 4722 1432 4794 cliiii
1458 4715 1481 4790 fi
1508 4745 1551 4832 ve

975 4837 997 4887 2
1046 4839 1073 4920 ᾗ
1482 4841 1567 4905 vm:
