4444 5668
488 488 824 578 Parncrrta
887 487 1379 578 Maeuianum.
1561 525 1639 596 rr,

1662 641 1800 704 [rara

269 719 912 814 ruorosrrroxrrrr.
976 725 1391 812 resonasti
1428 725 1565 812 xvrtt.
1659 719 1807 852 gygas·

211 913 347 1000 Mm‘
373 940 489 1002 ⁰mne5
520 917 661 1000 “iiiam
676 981 687 1017 2
729 909 915 1026 mitesque
952 939 1113 996 motatum
1141 919 1409 1032 inaequalitates
1432 946 1477 1002 t-tt
1511 921 1636 1004 allatis
1657 871 1815 1005 sddds.

729 1037 918 1150 principiis
952 1029 1130 1146 consequi.
1591 1097 1595 1101 ,
1656 1020 1811 1079 xviii.

242 1233 447 1314 ·Planetas
478 1235 669 1336 majores,
714 1240 857 1312 interea
896 1219 989 1308 dutn
1024 1233 1125 1308 circa
1159 1223 1275 1312 solem
1302 1232 1499 1331 seruntur,
1527 1231 1632 1346 pose

205 1351 306 1428 alios
339 1357 506 1430 minores
533 1357 677 1430 circum
701 1348 736 1429 se
764 1347 1002 1426 revolventes
1036 1345 1204 1451 planetas
1229 1343 1397 1446 deserte,
1434 1365 1474 1435 dt
1506 1365 1630 1434 mino.

206 1489 270 1545 res
298 1469 381 1546 illos
410 1475 448 1547 in
480 1455 693 1574 ellipsibus,
725 1462 925 1544 umbilicos
951 1469 989 1544 in
1015 1469 1153 1542 centris
1172 1468 1360 1565 majorum
1387 1468 1626 1570 habentibus,

205 1587 358 1663 revolvi
388 1579 528 1662 deber'e
557 1605 660 1691 patet
684 1610 750 1691 per
779 1607 887 1688 prop.
920 1605 1005 1661 exv,
1030 1577 1094 1658 lib.
1129 1607 1160 1661 1.
1221 1585 1385 1664 Ausone
1415 1607 1543 1669 autem
1573 1585 1628 1668 so.

208 1701 254 1798 iis
283 1699 602 1808 perturbabuntur
634 1723 768 1779 eorum
796 1721 923 1780 motus
955 1691 1209 1794 multimode,
1254 1698 1373 1808 iisque
1400 1697 1627 1786 adficiuntur

207 1816 524 1926 inaequalitatibus
554 1845 638 1924 quae
671 1825 708 1898 in
737 1817 822 1896 luni
847 1815 971 1898 nostrii
999 1833 1191 1894 notantur.
1252 1817 1348 1898 Haec
1374 1827 1505 1930 utique
1532 1831 1626 1931 (per

207 1937 331 2015 coros.
358 1963 396 2030 2,
427 1960 462 2035 3,
489 1959 528 2028 4,
557 1945 597 2016 δι
626 1958 659 2034 5.
688 1961 794 2042 prop.
816 1937 975 2030 ixvr.)
1003 1934 1173 2011 velocius
1204 1957 1409 2032 movetur,
1440 1957 1486 2018 ae
1514 1933 1622 2020 radio

206 2049 255 2132 ad
280 2075 419 2162 terrarn
444 2047 559 2131 duno
584 2043 761 2131 describit
787 2075 915 2131 aream
945 2076 1015 2156 pro
1033 2069 1208 2154 tempore
1231 2054 1439 2154 majorem,
1471 2056 1624 2164 orbem.

208 2189 284 2276 que
312 2159 447 2250 habet'
464 2175 587 2250 minus
614 2195 805 2262 curvum,
847 2191 961 2274 atque
991 2161 1081 2245 ideo
1119 2173 1272 2274 propius
1302 2165 1451 2253 accedit
1474 2166 1526 2252 ad
1551 2197 1623 2254 rer.

202 2313 318 2381 tarn,
365 2295 402 2368 in
432 2282 587 2394 syzygiis
624 2313 738 2396 quam
773 2293 814 2366 in
846 2277 1110 2391 quadraturis,
1151 2284 1220 2364 nifi
1251 2286 1436 2394 quitenus
1461 2285 1623 2396 impedit

206 2423 336 2486 morus
361 2411 664 2486 eecentriciratis.
735 2397 1006 2488 Eccentricitas
1029 2407 1132 2479 enim
1157 2409 1323 2483 maxima
1354 2407 1407 2484 est
1438 2415 1454 2502 (
1466 2431 1531 2514 pet
1556 2429 1622 2488 co.

205 2524 275 2602 rol.
297 2549 337 2614 9.
363 2548 469 2630 prop.
496 2529 649 2614 rxvr.)
685 2521 749 2602 ubi
775 2539 972 2628 apogaeum
1002 2519 1098 2598 luna:
1127 2525 1165 2598 in
1195 2513 1351 2630 syzygiis
1372 2523 1549 2620 versatur,
1579 2535 1621 2608 δι

204 2645 367 2726 minima
394 2639 458 2719 ubi
482 2635 586 2720 idem
615 2647 653 2720 in
680 2638 915 2746 quadraturis
942 2637 1133 2722 confistits
1153 2647 1204 2717 ⁴&
1229 2631 1319 2717 inde
1344 2639 1432 2720 luna
1453 2647 1493 2722 in
1519 2650 1621 2750 peri·

202 2783 288 2866 geo
315 2759 486 2837 velocior
523 2760 575 2837 est
603 2767 642 2838 δι
674 2757 786 2836 nobis
814 2760 1000 2862 propior,
1048 2760 1087 2832 in
1116 2779 1274 2863 apogaeo
1302 2777 1430 2838 autem
1462 2753 1618 2857 tardior,

201 2886 247 2956 dc
274 2881 461 2956 remotior
483 2880 520 2954 in
549 2861 702 2982 syzygiis
726 2899 842 2981 quam
867 2877 904 2950 in
937 2861 1185 2978 quadraturis.
1255 2869 1503 2982 Progreditur
1525 2876 1621 2958 insu.

199 3018 272 3101 per
291 3017 511 3104 apogaeum,
542 2986 872 3100 &regrediuntur
901 2982 1019 3079 nodi,
1049 2981 1113 3068 sed
1142 3011 1251 3070 motu
1286 2990 1514 3100 inaequabili.
1573 2997 1623 3078 Et

199 3136 404 3218 apogaeum
440 3102 599 3219 quidem
636 3120 723 3215 (per
756 3107 875 3187 coros.
912 3121 951 3208 7'.
987 3115 1028 3186 δι
1067 3116 1102 3190 8.
1133 3133 1240 3216 prop.
1268 3116 1429 3204 zxvr.)
1454 3114 1622 3194 velocius

200 3223 449 3335 progreditur
479 3233 518 3308 in
550 3225 828 3334 syzygiis'suis,
871 3216 1014 3303 tardius
1049 3219 1258 3331 regreditur
1286 3234 1327 3306 in
1359 3222 1620 3334 quadraturis,
1672 3287 1675 3293 -

202 3355 247 3424 δι
278 3339 424 3426 excessu
457 3337 665 3455 progressus
693 3342 798 3451 supra
826 3334 1027 3450 regressum
1069 3348 1263 3421 annuatim
1297 3341 1414 3423 fertur
1449 3353 1487 3425 in
1521 3373 1620 3427 con·

200 3457 411 3568 sequentia.
474 3459 582 3546 Nodi
600 3484 728 3541 autem
747 3470 842 3572 (per
863 3461 983 3540 coros.
1004 3489 1040 3538 2.
1061 3485 1167 3568 prop.
1184 3487 1241 3540 tx
1254 3465 1339 3552 rr.)
1365 3463 1562 3568 quiescunt
1578 3471 1618 3546 in

200 3577 357 3689 syzygiis
389 3579 460 3662 suis
480 3593 521 3662 &
545 3581 776 3660 velocissime
807 3572 1070 3687 regrediuntur
1099 3583 1137 3656 in
1155 3571 1413 3686 quadraturis.
1476 3574 1618 3665 Sed&

188 3698 326 3802 -major
357 3701 409 3779 est
436 3699 533 3779 lunae
563 3692 725 3779 latitudo
751 3703 918 3776 maxima
953 3701 994 3774 in
1024 3695 1132 3802 ipfius
1162 3689 1398 3802 quadraturis
1428 3704 1520 3805 (per
1551 3727 1616 3780 co.

199 3815 272 3894 rol.
310 3842 372 3898 10.
400 3843 495 3928 prop
517 3816 678 3906 zxvr.)
705 3841 821 3924 quam
853 3821 892 3893 in
927 3813 1099 3922 syzygiis:
1138 3823 1179 3894 bt
1206 3835 1334 3894 motus
1366 3810 1515 3895 medius
1544 3839 1617 3898 tar.

198 3925 288 4010 dior
321 3940 361 4013 in
395 3933 579 4041 perihelio
613 3954 720 4013 terrae
762 3939 857 4040 (per
884 3935 1002 4012 coros.
1034 3946 1070 4010 6.
1103 3956 1210 4038 prop.
1239 3935 1397 4025 rxvr.)
1427 3959 1543 4038 quam
1575 3943 1617 4015 in

198 4047 311 4157 ipfius
339 4049 501 4160 aphelio.
580 4053 711 4158 Atque
735 4049 793 4129 hae
823 4044 907 4130 sunt
932 4049 1204 4154 inaequalitates
1233 4049 1451 4158 insigniores
1481 4051 1529 4132 ab
1565 4051 1619 4132 as-

197 4178 390 4250 tronomis
417 4190 571 4251 notatae.

259 4289 355 4374 Sunt
375 4293 492 4371 etiarn
522 4289 603 4370 aliae
629 4275 805 4395 quedam
836 4285 859 4366 ir
888 4285 951 4390 (ἃ)
979 4279 1165 4398 prioribus
1193 4285 1416 4368 astronomis
1442 4314 1522 4374 non
1547 4283 1618 4366 ob·

1464 4403 1618 4488 servata

240 4651 308 4726 (a)
343 4645 569 4734 *Apriotibus
595 4647 756 4792 Apronianis
778 4643 895 4732 nonob-
945 4643 1292 4738 transennamennmetti
1320 4644 1503 4738 Newtonus,
1529 4669 1624 4737 aqua·
1685 4645 1755 4712 1⁰4

209 4747 325 4794 mate.
364 4729 579 4810 inaquositas
606 4729 663 4792 ilat
687 4751 756 4810 quas
777 4727 825 4792 hic
847 4745 895 4806 per
947 4725 1097 4807 nouasque
1115 4745 1213 4790 omnes
1230 4725 1632 4879 ίιυᾶοιτιοᾶιοηοξάειιὲοὲἕ
