4318 5682
1295 194 1298 204 r

398 458 749 552 Parnerrra
807 461 1297 552 Marnrrrrtrret.
1473 495 1549 578 575

184 605 294 702 idem
315 610 484 726 denique
512 621 705 727 colligitur
731 643 779 697 ex
809 616 895 696 luce
925 621 1093 724 capintm
1123 608 1314 700 crescente
1345 623 1387 722 in
1413 609 1557 700 receffu
1572 613 1608 749 1¹
1624 621 1725 676 Ἠ·

128 759 369 820 cometarum
401 738 421 816 a
458 735 557 816 terri
586 735 704 816 solem
731 733 886 828 versus,
929 759 974 814 ac
1007 728 1249 815 decrescente
1276 744 1318 816 in
1339 762 1475 818 eorum
1500 761 1555 816 re·
1593 709 1725 826 {fill

129 850 229 938 eeffu
259 851 371 936 isole
391 845 513 936 versus
538 877 690 936 terram.
723 853 788 936 Sic
815 859 918 934 enim
938 853 1093 934 cometa
1111 853 1294 964 posterior
1316 851 1405 939 anni
1435 871 1555 955 1665.
1573 841 1738 980 ξξξέξ·

133 971 382 1070 (observante
407 969 588 1083 Heoelio)
616 999 766 1081 errgqtro
790 969 956 1080 conspici
982 978 1129 1079 erepit,
1163 971 1383 1056 remittebat
1409 971 1556 1082 semper
1573 995 1648 1059 xx,
1713 959 1725 985 ⁹

131 1086 181 1172 de
214 1115 323 1174 motu
355 1091 422 1174 suo
451 1112 679 1200 apparente,
720 1084 890 1199 ideoque
926 1096 1155 1200 praeterierat
1181 1099 1412 1202 perigaeum;
1439 1090 1560 1202 splen.

129 1203 202 1290 dor
231 1236 326 1291 uero
360 1215 494 1319 capitis
526 1211 773 1292 nihilominus
811 1201 933 1287 indies
956 1203 1189 1302 crescebat,¹
1219 1205 1337 1317 usque
1368 1205 1463 1292 dum
1489 1237 1558 1289 co.

130 1351 234 1409 meta
271 1323 385 1412 radiis
423 1325 605 1410 solaribus
640 1325 814 1408 ebrenus
858 1317 966 1406 desiit
1002 1351 1194 1434 apparere.
1266 1327 1434 1410 Conteta
1466 1333 1559 1412 anni

138 1456 239 1547 1683
268 1459 284 1544 (
297 1445 521 1529 observante
543 1441 686 1527 eodem
708 1440 896 1540 Heoelio)
919 1448 959 1524 in
984 1445 1060 1524 fine
1095 1441 1231 1524 mensrs
1251 1445 1364 1554 Julii,
1395 1447 1458 1528 ubi
1482 1453 1557 1557 pti-

130 1589 241 1647 mum
276 1565 496 1674 conspectos
522 1567 601 1662 est,
627 1557 830 1678 tardiffime
863 1559 1121 1659 movebatur,
1164 1569 1312 1646 minuta
1338 1572 1460 1676 prima
1501 1591 1558 1658 40

132 1686 194 1766 vel
221 1707 272 1788 45
307 1689 459 1767 circiter
487 1682 639 1793 fingulis
677 1677 810 1762 diebus
836 1688 878 1762 in
903 1679 998 1760 orbe
1028 1676 1094 1760 suo
1128 1682 1348 1766 conficient
1421 1687 1476 1766 Ex
1507 1711 1558 1764 eo

130 1824 309 1911 tempore
331 1825 462 1888 morus
483 1804 561 1905 ejus
588 1795 745 1882 diurnus
767 1798 954 1912 perpetuo
991 1798 1198 1907 augebatur
1232 1797 1423 1912 usquead
1460 1801 1560 1914 Sept.

132 1947 172 2013 4.
197 1915 353 2034 quando
374 1917 490 2001 evasit
517 1913 706 2027 graduum
730 1917 835 2027 quafi
863 1923 1048 2026 quinque.
1106 1919 1225 2028 Igitur
1243 1944 1330 2003 toto
1356 1921 1434 2003 hoc
1456 1945 1559 2004 tem·

131 2065 224 2147 pore
266 2061 421 2122 cometa
461 2029 511 2115 ad
550 2055 690 2117 terram
728 2034 1074 2145 appropinquabat.
1143 2031 1189 2118 ld
1221 2034 1329 2148 quod
1360 2047 1479 2124 etiarn
1505 2067 1556 2122 err

132 2151 325 2241 diametro
356 2159 489 2266 eapitis
515 2161 770 2236 micrometro
792 2152 1005 2236 mensurata
1032 2155 1244 2266 colligitur:
1273 2165 1415 2268 quippe
1438 2185 1558 2270 qoam

132 2273 314 2358 Heraclius
344 2279 485 2386 reperit
522 2269 629 2383 Aug.
660 2287 698 2356 6.
727 2265 800 2352 esse
827 2295 976 2356 tanturn
1008 2271 1060 2356 6¹.
1097 2277 1149 2376 ς’)
1180 2275 1318 2358 inclusa
1346 2303 1485 2370 coma,
1519 2299 1560 2360 at

131 2393 218 2510 Sept
261 2427 299 2480 2.
317 2388 393 2481 else
419 2387 475 2484 ς’.
501 2389 572 2496 7¹¹.
646 2394 777 2498 Caput
796 2398 911 2503 igitur
942 2381 1057 2473 initio
1085 2393 1202 2503 longe
1232 2401 1359 2478 minus
1386 2404 1564 2510 apparuit

130 2541 248 2624 quam
272 2522 311 2596 in
338 2517 414 2597 fine
441 2527 592 2604 motor,
624 2531 664 2592 ar
692 2515 803 2590 initio
830 2517 1025 2592 tamenin
1051 2515 1189 2594 vicinii
1212 2512 1297 2594 solis
1322 2517 1437 2626 longe
1467 2517 1562 2598 luci-

133 2628 218 2716 dius
246 2641 371 2718 extitit
398 2655 516 2740 quam
541 2635 643 2711 circa
672 2631 822 2726 finem,
853 2649 894 2710 ut
919 2628 1034 2710 refert
1060 2627 1165 2712 idern
1189 2630 1383 2718 Hevelr'us.
1429 2637 1563 2718 Proin.

134 2747 184 2834 de
205 2776 294 2837 toto
323 2755 400 2836 hoc
429 2769 629 2854 tempore,
670 2745 722 2827 ob
750 2743 931 2828 recellum
954 2747 1063 2856 ipsrus
1089 2749 1111 2829 a
1140 2747 1243 2847 sole,
1274 2747 1406 2858 quoad
1428 2757 1562 2836 lumen

134 2865 328 2968 decreuit,
360 2893 441 2963 nor)
472 2865 645 2949 obstante
672 2858 817 2946 accello
844 2861 893 2946 ad
914 2887 1068 2946 terram.
1117 2859 1296 2949 ‘Cometa
1318 2877 1408 2951 anni
1441 2883 1561 2959 1618.

134 2999 236 3074 circa
263 2986 437 3072 medium
466 2987 605 3066 mcnsrs
630 2981 872 3081 Decembris,
897 2994 938 3066 δι
964 2983 1027 3063 iste
1053 2990 1144 3066 anni
1173 2997 1290 3073 1680.
1316 2995 1418 3068 circa
1442 2991 1562 3070 finem

135 3104 301 3216 ejusdem
330 3105 467 3192 mensis
481 3163 495 3201 ,
525 3103 723 3188 celerrime
755 3099 1025 3197 movebantur,
1058 3101 1225 3215 ideoque
1256 3127 1349 3188 tunc
1383 3130 1492 3191 erant
1517 3115 1562 3190 in

133 3235 314 3338 perigaeis.
376 3231 522 3308 Verum
548 3217 724 3331 splendor
756 3229 945 3303 maximus
972 3228 1140 3332 capitum
1166 3232 1329 3336 contigit
1357 3243 1447 3306 ante
1468 3220 1563 3308 duat
1646 3313 1649 3322 ,
1722 3311 1725 3318 ,

133 3345 213 3428 sere
236 3345 483 3455 septimanas,
516 3341 579 3422 ubi
600 3337 721 3422 modo
744 3349 914 3438 exierant
932 3334 982 3420 de
1005 3336 1119 3421 radiis
1138 3339 1344 3429 solaribus;
1376 3353 1417 3426 δι
1444 3346 1564 3455 splen.

136 3461 209 3546 dor
242 3474 431 3547 maximus
456 3456 665 3542 caudarum
696 3462 811 3566 paulo
841 3483 961 3553 ante,
1004 3465 1043 3540 in
1073 3463 1219 3566 majore
1245 3467 1440 3545 vicinitate
1464 3462 1589 3554 solie·

135 3585 263 3692 Caput
292 3603 457 3664 cometae
486 3587 648 3688 prioris,
677 3581 782 3687 juxta
812 3567 1094 3660 observationes
1123 3571 1248 3691 Cyfhte'
1262 3639 1276 3678 ,
1309 3579 1492 3662 Decemb.
1529 3609 1564 3666 t.

137 3704 257 3808 majus
291 3697 494 3782 videbatur
538 3703 649 3780 stellis
680 3706 810 3810 primae
849 3691 1149 3807 magnitudinis,
1197 3707 1238 3782 dr
1280 3697 1458 3785 Decemb.
1497 3715 1563 3784 16.

138 3826 240 3924 ljarn
267 3829 309 3903 in
341 3817 503 3928 pe‘rigazo
535 3820 728 3916 existens)
768 3809 1033 3926 magnitudine
1061 3841 1229 3927 parum,
1276 3813 1472 3927 splendore
1501 3816 1564 3901 seu
1590 3845 1621 3878 ³

138 3944 306 4022 claritate
330 3941 482 4020 luminis
512 3937 718 4044 plurimum
753 3931 957 4017 defecerat.
1019 3930 1103 4017 Ian.
1123 3963 1163 4038 7.
1181 3929 1359 4046 Keplerus
1384 3933 1433 4020 de
1457 3943 1563 4047 capi-

136 4083 176 4140 te
203 4065 368 4139 incertus
392 4057 510 4135 finem
536 4051 628 4136 fecit
654 4049 890 4136 observandi.
952 4055 1031 4136 Die
1055 4081 1100 4136 ra
1118 4053 1255 4136 mensis
1271 4053 1448 4133 Decemb.
1472 4079 1566 4136 con.

137 4178 304 4285 spretum
331 4187 370 4258 δι
392 4175 414 4255 ὲ
438 4167 649 4282 Flamfledio
671 4169 914 4255 observatum
943 4174 994 4254 est
1019 4193 1133 4280 caput
1166 4195 1329 4256 conterre
1352 4177 1569 4284 posteriorie
1673 4200 1678 4209 ·

138 4303 176 4376 in
203 4289 375 4376 distantia
399 4319 545 4375 novem
569 4285 757 4402 graduum
783 4292 802 4372 ir
831 4291 939 4378 soler
970 4283 1010 4371 id
1045 4287 1151 4400 quod
1177 4293 1289 4374 stellae
1314 4301 1434 4376 tertiae
1462 4319 1568 4401 mag·

137 4408 322 4496 nitudinis
352 4418 416 4494 vix
452 4405 672 4494 concellum
709 4403 842 4492 suisset.
926 4407 1102 4492 Decemb.
1141 4437 1185 4512 15
1226 4421 1267 4492 δι
1305 4439 1355 4516 17
1393 4419 1567 4522 apparuit

137 4528 243 4615 idern
275 4557 317 4613 ut
348 4533 451 4613 stella
480 4539 600 4612 tertiae
630 4523 928 4642 magnitudinis,
975 4523 1210 4612 diminutum
1235 4536 1366 4639 utique
1394 4525 1575 4637 splendo,

136 4677 177 4732 re
213 4649 374 4734 nubium
399 4653 502 4756 juxta
539 4647 659 4734 solem
694 4645 955 4734 occidentem·
1034 4645 1212 4732 Decemb.
1238 4662 1303 4732 τό.
1331 4647 1567 4731 velocissime

1436 4803 1568 4868 motae
