4482 5658
477 445 568 530 ‘nn
618 437 945 527 rnnrruu
994 445 1276 530 tranunt.
1450 464 1602 539 rxvn

223 590 286 692 46.
342 577 464 684 ltaque
487 608 620 684 tempus
647 588 801 660 medium
829 589 865 658 in
892 611 1052 685 appatens
1082 584 1126 660 stc
1152 585 1371 664 convertitur.
1424 581 1601 676 Quaeritur

174 691 355 788 longitudo
382 690 471 763 Solis
499 711 573 762 tum
598 689 735 777 media,
760 711 833 760 tum
861 713 942 762 vera
969 692 1115 788 tempori
1146 692 1226 762 dato
1254 688 1456 788 respondent
1482 691 1601 792 (44)

174 791 255 864 inde
282 797 411 870 eruitur
436 791 660 887 longitudinis
688 813 777 864 vetar
810 787 952 863 ascensio
979 791 1070 862 tella
1096 793 1233 890 (14)›
1279 787 1398 863 sthaec
1421 792 1527 884 major
1553 791 1603 866 est

177 895 288 967 media
315 893 402 970 Solis
436 891 674 988 longitudine,
715 887 905 965 differentia
929 893 967 962 in
999 917 1130 990 tempus
1157 891 1260 965 solare
1289 891 1447 966 conversa
1472 892 1603 968 substa·

173 997 334 1071 trituret
368 1017 519 1090 tempore
549 994 663 1066 medio
691 1011 730 1066 ut
759 989 820 1065 fiat
854 1017 1040 1091 appatens,
1073 995 1210 1066 additur
1241 989 1266 1064 st
1299 997 1409 1066 minor
1437 989 1494 1065 est.
1546 995 1601 1069 At

175 1119 306 1190 tempus
332 1119 493 1194 appatens
521 1095 559 1164 in
584 1096 737 1166 medium
763 1093 812 1166 itit
843 1118 1002 1166 mutatur.
1076 1093 1232 1191 Tempus
1257 1120 1416 1192 apparens
1440 1118 1601 1193 tanquam

176 1199 328 1271 medium
357 1191 606 1282 confideratut,
642 1197 683 1267 ὅτ
711 1197 894 1291 inquiritur
921 1221 983 1293 pro
1016 1195 1094 1268 dato
1116 1217 1269 1292 tempore
1301 1197 1483 1292 longitudo
1511 1199 1600 1272 Solis

174 1298 247 1370 tum
273 1300 412 1385 media,
451 1320 527 1368 turn
550 1319 632 1369 veta
644 1345 655 1383 ,
685 1297 723 1368 δι
745 1297 826 1369 inde
854 1297 981 1368 eruitur
1008 1296 1232 1392 longitudinis
1258 1322 1348 1371 verae
1379 1293 1521 1370 ascensio
1544 1324 1605 1372 re*

176 1397 230 1470 sla
242 1423 256 1486 3
283 1396 308 1469 st
334 1402 406 1470 haec
437 1397 585 1470 mediam
614 1396 703 1469 Solis
731 1397 981 1494 longitudinem
1006 1397 1162 1496 supetat,
1188 1394 1377 1472 differentia
1405 1399 1442 1468 in
1465 1413 1600 1496 tempus

176 1499 278 1572 solare
317 1497 476 1572 conversa
517 1497 653 1569 additur
688 1501 834 1594 tempori
863 1501 1035 1595 apparenti
1066 1523 1105 1570 ut
1134 1495 1193 1570 fiat
1226 1502 1387 1573 medium.
1450 1499 1489 1572 si
1516 1501 1600 1574 verb

176 1601 400 1696 longitudinis
426 1622 515 1670 verae
545 1593 686 1670 ascensio
709 1597 799 1670 tedia
828 1601 941 1669 minor
962 1595 1008 1672 est
1030 1600 1142 1672 medii
1171 1599 1260 1673 Solis
1282 1600 1508 1696 longitudine,
1533 1600 1601 1673 dif-

126 1695 130 1704 ’
178 1700 318 1772 serentia
356 1703 394 1771 in
432 1721 563 1793 tempus
606 1698 708 1770 solare
742 1697 901 1772 conversa
934 1698 955 1771 ὲ
991 1721 1143 1795 tempore
1178 1723 1358 1797 apparente
1394 1699 1598 1774 subducitur.

178 1798 289 1888 Quod
312 1797 337 1870 st
362 1797 474 1872 media
503 1798 590 1871 Solis
622 1798 802 1894 longitudo
833 1800 967 1896 aequalis
1001 1796 1041 1871 stt
1064 1797 1243 1874 ascenstoni
1281 1801 1381 1874 rebla
1411 1800 1601 1897 longitudi-

178 1903 229 1973 nis
259 1927 368 1987 verat,
404 1923 537 1996 tempus
567 1923 726 1996 apparens
750 1903 908 1997 congruit
941 1924 1018 1972 curn
1048 1903 1164 1974 medio
1195 1902 1354 1997 nullique
1380 1924 1458 1998 eget
1484 1925 1601 1998 aequa-
1632 1923 1639 1936 ·

178 2005 280 2076 tione.
347 2001 435 2075 Haec
462 2000 576 2070 omnia
607 2024 650 2069 ex
677 2001 782 2072 modd
822 2000 922 2072 dietis
960 2001 1068 2100 (46)
1109 1998 1281 2073 manifesta
1318 2002 1416 2088 sunt3
1454 1996 1479 2072 fi
1507 2006 1602 2076 enim

177 2102 344 2200 punclum
370 2100 407 2171 D
433 2098 480 2172 est
504 2099 697 2171 orientalius
732 2099 863 2200 punsio
889 2098 955 2187 M,
987 2105 1054 2172 hoc
1074 2103 1173 2177 citius
1200 2103 1243 2173 ad
1261 2105 1485 2174 meridianum
1506 2099 1601 2192 TZ,

180 2205 336 2300 pervenit
360 2224 464 2297 quam
489 2199 575 2271 illud
586 2249 598 2287 ‚
624 2225 662 2270 ac
688 2199 832 2295 proinde
861 2196 945 2270 h'ota
975 2217 1037 2276 12⁸
1061 2203 1349 2297 temporismedii
1374 2225 1602 2299 computatur,

177 2329 257 2376 cum
283 2303 440 2374 nondum
471 2297 519 2374 est
552 2301 709 2374 meridies
738 2301 901 2396 temporis
933 2303 1143 2397 apparentis,
1169 2303 1208 2374 δι
1238 2305 1443 2388 contrarium
1467 2305 1603 2376 contin-

179 2407 254 2502 git,
291 2401 508 2501 stpundlum
533 2398 570 2474 D
597 2399 726 2496 pundo
754 2397 796 2470 M
830 2400 932 2471 suerit
956 2402 1205 2473 occidentalius.
1276 2399 1350 2474 Ubi
1378 2425 1510 2501 tempus
1545 2429 1603 2503 ap-

179 2530 297 2604 parens
332 2507 371 2575 in
403 2504 556 2576 medium
583 2523 717 2596 oportet
755 2501 938 2586 converti,
984 2523 1136 2598 tempore
1166 2525 1346 2597 apparente
1373 2507 1500 2576 utimur
1530 2528 1603 2576 tan-

180 2631 285 2702 quam
309 2605 424 2676 medio
450 2606 493 2674 ad
516 2602 628 2674 locum
655 2601 743 2673 Solis
766 2600 1038 2689 inveniendum
1063 2625 1142 2674 curn
1161 2605 1254 2674 enim
1281 2627 1413 2700 tempus
1442 2629 1483 2700 ap
1508 2629 1602 2678 arens

181 2731 252 2779 non
288 2707 435 2778 multum
465 2699 597 2775 differat
624 2701 645 2774 ὲ
673 2723 826 2796 tempore
856 2703 1000 2783 medio,
1049 2697 1238 2778 differentia
1267 2703 1354 2778 inter
1380 2632 1601 2780 ascensorem

179 2807 308 2881 reblam
342 2810 382 2879 δι
410 2803 670 2900 longitudinem·
693 2803 840 2874 mediam
874 2801 963 2878 Solis
991 2797 1040 2874 est
1068 2827 1172 2898 quam
1204 2806 1359 2900 proxime
1392 2807 1535 2898 eadem,
1560 2802 1601 2877 st-

178 2909 225 2982 νὲ
245 2934 314 3008 per
332 2927 467 3006 tempus
489 2904 666 2992 medium,
690 2897 762 2974 sive
785 2925 846 3002 per
869 2923 1003 2999 tempus
1029 2927 1190 3003 apparens
1219 2906 1415 3002 inquiratur.

231 3137 296 3212 47.
334 3113 412 3185 Jam
425 3110 509 3186 verb
530 3103 555 3180 li
580 3129 731 3205 tempore
746 3103 869 3202 quovis
883 3127 1060 3276 qpparente
1077 3105 1271 3184 observetur
1290 3110 1378 3186 Solis
1401 3107 1600 3186 ascensio&

179 3216 362 3311 longitudo
386 3238 490 3302 veta,
524 3209 673 3304 indeque
694 3231 829 3324 eruatur
854 3208 889 3304 ip
905 3229 954 3278 rus
976 3209 1156 3324 longitudo
1183 3215 1295 3287 media
1324 3215 1420 3311 (44)
1444 3238 1482 3284 ac
1514 3235 1602 3284 tem-

182 3339 451 3490 aarum
466 3311 1242 3510 ususier‘ssrtmffiiuitu
1262 3314 1457 3484 'issisti’
1465 3314 1603 3490 sifus
1650 3455 1653 3460 .

180 3519 244 3590 dix
274 3539 430 3590 monium
463 3517 582 3601 Solis,
614 3531 827 3586 momentum
866 3511 950 3582 verb
988 3513 1151 3609 temporis
1188 3515 1294 3586 medii
1321 3515 1437 3585 datum
1475 3514 1604 3611 epocha

182 3640 377 3715 temponun
404 3615 733 3715 computandorum
759 3613 882 3708 quibus
907 3613 1007 3684 semel
1038 3609 1223 3686 constitutit
1245 3615 1288 3685 ad
1315 3614 1492 3708 quodlibet
1513 3613 1605 3685 aliud

182 3721 304 3791 datum
325 3739 458 3818 tempus
483 3718 636 3791 medium
662 3712 719 3786 vel
742 3735 901 3810 apparens
937 3714 1082 3786 inveniri
1115 3716 1239 3808 poterit
1267 3715 1360 3786 locus
1390 3715 1477 3788 Solis
1504 3737 1604 3786 vetut

183 3819 241 3894 vel
265 3821 397 3892 medius
422 3823 459 3892 in
487 3813 653 3915 Ediptica
681 3817 720 3886 δε
757 3811 884 3883 contris
950 3811 1178 3908 Exposuimus
1209 3815 1315 3906 jam(
1352 3818 1402 3914 4)
1429 3814 1604 3910 quomodd

184 3919 280 3991 locus
306 3915 395 3995 Solis
427 3922 508 3992 dato
535 3939 687 4013 tempore
718 3913 833 3986 medio
862 3912 1059 4007 inquiratur.
1121 3915 1159 3988 Si
1187 3841 1365 3987 datumst
1391 3939 1522 4012 tempus
1544 3938 1605 4009 ap·

183 4045 330 4117 parent,
354 4023 421 4092 hoc
446 4043 606 4115 tanquam
631 4039 764 4114 tempus
792 4015 945 4086 medium
968 4013 1145 4111 usurpetur
1172 4016 1212 4088 δι
1240 4037 1405 4111 quaeratur
1426 4017 1519 4089 loctts
1542 4016 1606 4088 So-

184 4123 226 4192 lis
257 4143 359 4195 verus
383 4123 465 4194 huic
491 4117 753 4214 correspondens
781 4115 798 4207 (
808 4117 917 4213 44);
956 4111 1096 4188 Deinde
1126 4117 1336 4214 longitudini
1367 4117 1456 4190 Solis
1481 4111 1526 4186 stc
1555 4117 1607 4185 in·

184 4247 297 4297 ventae
326 4245 459 4295 tantum
485 4218 707 4316 longitudinis
735 4217 876 4288 addatur
909 4215 964 4288 vel
997 4217 1150 4288 dematur
1178 4241 1342 4312 quantum
1372 4217 1533 4314 temporis
1561 4241 1609 4287 a·

184 4323 340 4420 quationi
369 4325 510 4397 debetur
537 4324 575 4394 δι
607 4319 656 4392 ita
680 4318 829 4414 prodibit
859 4315 953 4388 locus
978 4315 1067 4387 Solis
1099 4319 1246 4414 tempori
1276 4319 1446 4416 apparenti
1470 4315 1633 4412 respon-⁴

185 4429 281 4499 dens.
333 4421 447 4495 Facile
466 4419 515 4496 est
539 4446 585 4495 ex
617 4418 718 4493 dictis
741 4417 913 4514 problema
938 4413 1110 4488 inversum
1134 4415 1291 4505 solvere,
1317 4416 1375 4491 seu
1393 4443 1437 4491 ex
1462 4418 1541 4489 dato
1561 4418 1612 4488 lo-

186 4552 231 4598 co
253 4525 343 4600 Solis
363 4525 477 4598 medio
503 4546 561 4594 aut
585 4545 668 4598 veto
694 4541 827 4615 tempus
853 4519 1007 4591 medium
1038 4539 1096 4592 aut
1122 4541 1282 4615 apparens
1307 4519 1387 4594 huic
1418 4519 1506 4593 Solis
1536 4516 1613 4588 loco

183 4626 389 4724 respondens
415 4624 578 4702 utvenue.

885 4719 910 4793 d
959 4741 986 4798 2
1452 4723 1515 4818 48.
1540 4709 1617 4787 Nee
