4354 5678
624 142 649 197 ‘b

611 425 691 538 358
830 413 1155 507 troarnen>
1207 409 1449 496 Pirustas
1500 429 1559 495 ru
1608 415 1834 498 Causast

615 547 769 649 portibus
791 569 964 642 tantopere
985 547 1197 620 retardantur
1209 594 1222 634 ,
1247 569 1286 618 ut
1310 546 1522 644 sequentibus
1547 543 1657 620 Lunae
1682 541 1872 618 transitibus
1897 563 1957 641 per
1980 557 2051 619 tne2

616 652 788 724 ridianum
807 642 869 718 srnt
889 648 1077 742 propiores,
1105 647 1209 743 quam
1225 647 1297 734 illi,
1322 651 1379 720 cui
1402 639 1492 719 suam
1515 647 1684 743 originem
1706 647 1852 733 debent3
1879 646 1927 717 ita
1949 643 2048 718 Dun-

617 751 756 847 kerquat
781 749 867 819 circa
885 746 1044 846 syzygias
1066 746 1198 821 Fluxus
1224 749 1354 822 circiter
1378 749 1520 821 meridie
1543 746 1714 820 observari
1737 746 1828 829 solet,
1854 769 1968 841 neque
1990 772 2047 818 ve·
2149 737 2150 812 l

618 851 660 924 rb
681 852 730 923 illi
751 844 810 947 ipss
834 843 986 920 transitui
1004 849 1113 922 Lunae
1128 873 1187 948 per
1213 848 1439 922 meridianum
1462 844 1509 920 est
1525 849 1723 921 tribuendus
1744 849 1805 942 qui
1822 849 1948 920 eodem
1967 871 2047 920 tem-

616 974 701 1050 pore
725 945 777 1035 fit,
803 947 860 1022 sed
876 951 1091 1045 precedenti,
1115 951 1229 1046 prouti
1248 943 1423 1026 succesliva
1447 949 1680 1022 retardationis
1701 949 1907 1021 incrementa
1931 949 1974 1019 ad
1994 949 2049 1020 lit-

617 1075 692 1125 tora
728 1049 848 1121 Galliae
879 1050 920 1122 δε
941 1045 1056 1146 Belgii
1080 1051 1225 1122 borealia
1254 1044 1498 1122 evidenriffime
1523 1045 1691 1122 testantur.
1756 1046 1874 1136 Quare
1904 1041 2043 1137 srverbi

615 1151 725 1251 gratis
750 1148 975 1244 Dunkerquae
1005 1153 1081 1246 quis
1102 1148 1297 1240 hujusmodi
1325 1147 1572 1222 observationes
1600 1143 1796 1246 perlustrare
1819 1148 1993 1235 voluerit,
2018 1150 2046 1220 is

617 1223 789 1350 quemqire
812 1249 843 1322 F
845 1249 965 1324 luxum
980 1274 1050 1321 non
1067 1273 1146 1322 cum
1166 1246 1304 1324 transitu
1325 1249 1435 1323 Lunae
1452 1275 1512 1348 per
1533 1251 1758 1323 meridianum
1778 1249 1937 1344 proximo
1956 1271 2048 1320 com-

617 1373 735 1449 paret,
770 1349 828 1422 sed
858 1373 937 1422 cum
967 1377 1008 1424 eo
1029 1352 1090 1447 qui
1121 1352 1370 1448 propemodum
1401 1374 1446 1425 12
1474 1352 1567 1422 horis
1598 1347 1676 1422 anti
1706 1349 1849 1446 contigit
1861 1372 1875 1437 3
1900 1349 2048 1444 alioquin

615 1456 710 1529 enim
731 1451 896 1523 contraria
921 1450 1146 1524 Phaenomena
1170 1447 1250 1525 effet
1272 1448 1548 1548 deprehensurus.

668 1555 701 1644 §.
732 1560 816 1629 108.
872 1551 1085 1626 Commodus
1105 1551 1163 1622 hic
1184 1551 1281 1623 nobis
1302 1555 1467 1648 praebetur
1494 1551 1588 1624 locus
1616 1549 1805 1650 explicandi
1828 1545 2002 1624 transitum
2026 1551 2045 1623 *a
2150 1593 2151 1606 κ

614 1650 705 1726 binis
725 1648 886 1740 aestubus,
912 1653 973 1747 qui
993 1653 1147 1746 quotidie
1174 1654 1212 1724 in
1232 1653 1426 1748 regionibus
1446 1673 1540 1725 extra
1563 1653 1704 1725 circulos
1726 1651 1853 1747 polares
1878 1648 1948 1722 srtis
1969 1677 2046 1723 eve-

617 1756 741 1840 niunt,
765 1754 808 1824 ad
833 1747 981 1848 singulos
1001 1749 1113 1835 aellus,
1146 1755 1207 1850 qui
1234 1751 1419 1825 secundum
1440 1753 1605 1826 theoriam
1627 1749 1772 1824 nostram
1794 1753 1830 1822 in
1852 1753 2045 1847 regionibus

614 1853 785 1951 poltribus
816 1855 1013 1948 contingere
1036 1853 1169 1925 debent.
1224 1849 1402 1939 Quoniam
1423 1854 1516 1924 enim
1535 1853 1664 1926 theoria
1683 1849 1792 1923 nostra
1812 1849 1986 1940 monslrat,
2010 1854 2044 1922 in

510 1985 513 2009 =
616 1955 714 2026 zonis
746 1955 937 2048 temperatis
966 1955 1005 2025 δε
1032 1953 1161 2024 torridi
1184 1955 1338 2049 quotidie
1363 1955 1448 2026 duos
1480 1951 1611 2026 Fluxus
1636 1953 1804 2026 observari
1829 1955 1976 2038 debere,
2012 1953 2045 2022 in

617 2057 715 2126 zonis
737 2053 869 2149 frigidis
897 2076 1008 2126 autern
1032 2077 1141 2126 unum
1160 2077 1292 2126 rantum
1304 2104 1316 2142 ,
1349 2049 1498 2127 transitio
1519 2054 1689 2128 subitanea
1715 2051 1886 2126 abinario
1909 2054 1953 2124 ad
1969 2055 2045 2124 uni-

614 2175 720 2244 tatem
742 2152 888 2226 maxime
912 2154 1072 2225 mirabilis
1095 2179 1134 2224 ac
1165 2158 1333 2252 paradoxa
1363 2156 1474 2227 videri
1499 2150 1615 2250 posset.
1677 2154 1747 2228 Sed
1769 2155 1848 2250 quia
1871 2145 1896 2223 st
1919 2151 2044 2225 Fluxus

617 2255 689 2327 bini
715 2249 883 2326 succelhvi
907 2254 994 2326 inter
1020 2252 1052 2327 se
1074 2252 1152 2326 sunt
1174 2253 1379 2351 inaequales,
1417 2249 1583 2327 Refluxus
1612 2275 1707 2350 aquae
1734 2253 1791 2327 seu
1819 2255 1967 2326 maxima
1991 2255 2043 2325 de⁴

616 2350 735 2450 prelho
763 2353 890 2426 Fluxui
918 2356 1043 2428 minori
1068 2351 1115 2428 est
1133 2356 1308 2442 vicinior,
1343 2355 1416 2427 bini
1442 2352 1537 2427 aelius
1565 2379 1703 2452 quoque
1726 2349 1893 2428 successtvi
1920 2355 2043 2425 ratione

614 2454 776 2553 temporis
803 2456 891 2530 inter
922 2451 954 2528 se
985 2479 1083 2530 erunt
1115 2455 1319 2552 inaequales,
1358 2449 1550 2551 siquidem
1581 2481 1666 2530 voce
1697 2451 1792 2526 restire
1821 2454 2044 2552 intelligamus
2151 2531 2152 2542 χ

616 2579 751 2630 motum
773 2579 868 2650 aquae
895 2554 915 2628 ὲ
941 2554 1070 2628 summa
1094 2557 1283 2629 elevatione
1312 2555 1481 2628 adimam
1505 2553 1746 2654 depreshonem
1772 2554 1904 2652 usque,
1931 2579 1970 2626 ac
1993 2555 2044 2625 vi-

612 2653 729 2729 ciffim.
785 2653 872 2743 Qud
897 2659 1003 2752 magis
1024 2657 1138 2752 itaque
1157 2660 1199 2730 ab
1219 2679 1388 2752 aequatore
1410 2656 1526 2730 vetslts
1550 2657 1646 2755 polos
1666 2658 1853 2744 recedatur,
1880 2658 1923 2729 ed
1944 2654 2043 2747 major

613 2757 887 2855 deprehendetur
907 2759 995 2829 inter
1020 2756 1119 2829 binos
1143 2754 1237 2829 aestus
1262 2752 1456 2829 successivos
1483 2758 1700 2854 inaequalitas,
1727 2756 1806 2828 ciam
1832 2757 1961 2828 ratione
1979 2780 2045 2834 maz

615 2859 804 2951 gnitudinis
831 2857 905 2930 tlrrn
924 2858 1110 2955 temporis,
1135 2858 1242 2951 major
1263 2859 1354 2931 enim
1375 2857 1505 2930 diutius
1529 2859 1664 2932 durabit
1687 2856 1793 2953 quim
1812 2859 1950 2945 minor,
1976 2879 2045 2928 atn-

616 2959 662 3028 bo
683 2961 767 3030 verri
786 2953 882 3028 fimul
904 2959 1031 3053 ubique
1050 2957 1265 3032 absolventur
1284 2981 1437 3055 tempore
1466 2981 1510 3033 12
1533 2961 1721 3038 horarum,
1759 2979 1838 3028 cum
1862 2957 1932 3056 24¹
1950 2957 2044 3028 circi·

614 3053 856 3152 tetriquddst
884 3059 997 3152 itaque
1017 3058 1053 3127 in
1082 3081 1135 3130 eas
1155 3060 1311 3152 regiones
1336 3057 1444 3151 usque
1469 3055 1707 3154 perveniatur,
1740 3057 1926 3154 inquibus
1951 3057 2046 3132 Luna

618 3156 762 3251 utrique
785 3156 862 3230 vice
882 3155 937 3258 vel
959 3153 1056 3251 supet
1080 3159 1260 3230 horizonte
1283 3157 1338 3231 vel
1360 3155 1420 3230 sub
1441 3159 1620 3232 horizonte
1641 3159 1866 3231 meridianum
1888 3157 2046 3254 attingit,

614 3253 711 3328 aestus
729 3259 839 3329 minor
861 3257 1003 3327 omnino
1026 3255 1220 3346 evanescet,
1246 3257 1401 3353 solusque
1418 3261 1523 3354 major
1545 3258 1732 3356 supererit,
1758 3259 1819 3354 qui
1844 3281 1977 3354 tempus
2003 3281 2046 3332 12

616 3359 651 3428 h.
675 3361 749 3457 24¹.
770 3355 975 3453 adimplebit.
1029 3353 1087 3428 Ex
1107 3359 1229 3452 quibus
1254 3357 1468 3456 perspicuum
1489 3358 1559 3443 est,
1597 3355 1746 3431 srLuna
1766 3359 1885 3430 habeat
1904 3359 2048 3430 declina·
2152 3397 2153 3406 κ

616 3458 764 3540 tionem,
805 3458 1066 3552 inequalitatem
1084 3459 1244 3530 binorum
1264 3455 1403 3532 aestuum
1425 3455 1679 3534 succeffivorum
1704 3461 1747 3531 ad
1770 3457 1867 3554 polos
1889 3460 2048 3530 acceden-

616 3557 664 3627 do
686 3557 849 3629 continub
878 3553 953 3629 fieri
983 3558 1168 3649 majorem,
1203 3582 1304 3655 atque
1328 3562 1467 3634 tandem
1495 3564 1662 3632 minorem
1687 3562 1827 3631 omnino
1852 3557 2047 3634 evanescere

616 3655 761 3745 debere,
787 3658 880 3755 quod
903 3657 981 3727 clun
1003 3660 1136 3742 evenit,
1161 3661 1235 3731 bini
1256 3658 1351 3732 aestus
1371 3663 1409 3732 in
1427 3685 1535 3734 unum
1556 3661 1751 3734 coalescunt.

668 3758 700 3850 §.
732 3779 821 3854 109.
876 3753 1066 3852 Explicatis·
1084 3761 1257 3832 anomaliis
1281 3757 1377 3833 estne
1400 3759 1507 3834 Maris
1527 3758 1731 3848 menstruis,
1768 3761 1989 3858 pervenimus
2009 3761 2050 3832 ad

616 3856 798 3942 anomaliae
822 3879 947 3930 annuas
965 3855 1020 3930 vel
1040 3857 1216 3956 plusquam
1234 3885 1383 3952 annuas,
1418 3889 1458 3934 ac
1479 3887 1608 3935 nonum
1631 3864 1771 3959 quidem
1792 3861 2050 3934 Phaenomenon

616 3956 824 4030 desumimus
853 3983 896 4032 err
915 3960 1101 4031 variatione
1125 3955 1247 4048 aestsrs,
1281 3985 1358 4058 quae
1380 3963 1400 4036 a
1419 3959 1557 4038 diversrs
1577 3963 1688 4036 Lunae
1713 3959 1867 4036 aTerra
1883 3958 2049 4034 distantiis

616 4053 849 4152 proficiscitur.
902 4057 1136 4132 Observantur
1158 4063 1249 4132 enirn
1274 4059 1368 4134 aestus
1390 4066 1517 4161 ubique
1535 4065 1677 4156 majores
1698 4065 1814 4136 ceteris
1842 4063 1995 4161 paribus,
2017 4063 2052 4133 in

616 4156 736 4232 iisdem
756 4159 879 4235 scilicet
901 4159 1117 4236 luminarium
1140 4160 1328 4261 asperrime
1351 4163 1539 4263 iisdemque
1566 4165 1870 4249 declinationibus,
1905 4157 1932 4234 fi
1953 4165 2056 4238 Luna

614 4258 654 4330 in
672 4257 733 4334 suo
754 4263 901 4358 perigaeo
925 4260 1100 4350 versetur,
1124 4263 1272 4336 minores
1291 4265 1404 4352 verd,
1431 4266 1534 4340 Luni
1554 4269 1591 4338 in
1609 4289 1750 4361 apogaeo
1771 4261 1946 4336 existente.
2000 4263 2051 4337 E·

614 4361 733 4456 gregie
756 4385 869 4436 autem
892 4365 963 4434 haec
980 4365 1189 4435 conveniunt
1213 4389 1291 4438 curn
1320 4363 1431 4438 nostri
1455 4367 1614 4454 theoria,
1650 4367 1720 4461 qui
1745 4360 2053 4438 demonstravimus

616 4455 727 4532 Lunae
750 4465 838 4536 vires
874 4463 919 4534 ad
945 4460 1043 4537 Mare
1067 4467 1278 4536 movendum
1306 4467 1494 4543 decrescere
1519 4469 1559 4541 'in
1576 4465 1743 4566 triplicata
1768 4465 1898 4537 ratione
1923 4465 2055 4538 dissan·

615 4559 739 4631 tiarutn
760 4559 870 4633 Lunae
890 4561 911 4634 ie
932 4560 1062 4639 Terra:
1090 4563 1186 4659 qudd
1212 4561 1237 4636 st
1262 4571 1368 4666 igitur
1392 4572 1491 4644 Luna
1513 4567 1662 4644 versetur
1684 4571 1721 4640 in
1748 4569 1897 4666 perigaeo
1918 4569 2055 4642 Fluxus

613 4659 784 4754 debebunt
806 4657 872 4738 Offe
892 4659 1048 4760 malms,
1071 4663 1178 4761 quim
1198 4660 1224 4737 sl
1241 4665 1343 4748 Luna
1363 4695 1542 4776 apogaeum
1564 4693 1716 4770 occupat.
1766 4667 1933 4746 Praeterea
1953 4673 2058 4850 εὐῶπα

1941 4773 2002 4848 aab
2038 4793 2057 4844 a
