4380 5678
632 536 715 648 975
841 535 905 614 De·
948 531 1187 612 ¹Cattae*
1235 533 1555 614 Pursrc‘a
1610 525 1890 622 Fn‘vxua

558 759 560 762 Ι
632 693 708 767 tum
729 671 845 766 augeri
866 673 975 745 donec
996 671 1049 744 vis
1072 667 1261 764 centril'uga
1282 693 1325 742 ex
1344 671 1411 743 hoc
1431 687 1529 741 motu
1552 671 1694 746 oriunda
1716 670 1775 746 fiat
1791 675 1926 772 aequalis
1953 683 2050 777 gravi-

630 771 704 856 tati,
731 772 771 842 &
792 773 960 868 particulae
984 771 1089 846 Maris
1112 770 1331 842 revolvantur
1349 769 1391 840 ad
1407 791 1537 842 morem
1559 770 1749 864 Satellitum
1771 777 1805 846 in
1821 781 1939 852 orbitis
1961 785 2050 876 quim

630 869 789 968 proxime
814 874 1027 944 circularibus
1053 870 1198 946 Terram
1220 869 1504 966 contingentibus.
1569 871 1638 944 Hae
1665 876 1782 946 orbitae
1810 902 1909 949 erunt
1937 883 2049 980 ellipti-

631 994 705 1056 cae,
739 991 883 1066 quarum
905 972 1001 1045 Axes
1024 975 1173 1044 minores
1206 967 1380 1068 produelae
1413 965 1597 1040 transibunt
1627 997 1685 1067 per
1710 975 1835 1056 Solem.
1851 1057 1873 1074 κ
1889 978 1938 1050 Et
1962 979 1986 1052 sr
2010 983 2026 1054 s
2037 1028 2048 1039 .

512 1161 517 1169 ι
631 1069 796 1144 miaxium
820 1067 1008 1154 differentia
1035 1069 1074 1143 stt
1102 1073 1147 1144 ad
1169 1069 1453 1144 semidiametrum
1477 1072 1683 1146 mediocrem
1713 1098 1751 1145 ut
1768 1101 1793 1177 ¹3
1810 1079 1848 1146 V
1863 1081 1907 1150 ad
1929 1083 1961 1151 G
1984 1085 2048 1170 (s.

627 1170 783 1244 oundtlm
809 1175 945 1271 eaquae
965 1175 1007 1246 de
1028 1175 1177 1245 motibus'
1207 1172 1377 1244 lunaribus
1401 1171 1501 1242 tradit
1524 1173 1577 1242 vir
1605 1169 1838 1270 acutissimus)
1864 1181 1928 1250 etit
1950 1184 2049 1254 minor

557 1266 560 1274 ’
632 1271 768 1345 escensu
793 1299 889 1370 aquae
911 1274 1009 1374 supri
1032 1271 1175 1348 delinito
1202 1270 1300 1368 Prop.
1322 1269 1368 1344 V.
1391 1273 1427 1341 in
1450 1293 1517 1365 qua
1541 1273 1732 1346 invenimus
1757 1297 1815 1352 2x
1834 1275 1900 1352 else
1922 1283 1965 1352 ad
1980 1280 2004 1351 d
2018 1308 2049 1356 ut

628 1397 679 1466 «ις
702 1374 740 1442 V
749 1375 794 1444 ad
811 1377 889 1474 4G.
952 1373 1064 1462 Qudd
1085 1370 1109 1444 si
1133 1396 1318 1469 quaeramus
1342 1376 1466 1444 horum
1480 1371 1689 1444 'semiaxium
1711 1372 1935 1450 differentiam
1956 1407 1998 1454 err
2017 1381 2050 1453 si·

558 1503 560 1510 ’
631 1495 718 1571 gura
745 1477 865 1546 orbitae
898 1478 1022 1550 lunaris
1057 1475 1223 1570 quatenus
1253 1497 1296 1545 ex
1338 1471 1640 1549 observationibus
1669 1474 1845 1548 innotescit
1877 1478 2049 1554 sccundlun

631 1571 743 1645 claris
763 1573 968 1676 Halleyum,
995 1589 1114 1672 parum
1136 1574 1322 1646 admodum
1345 1572 1512 1669 superabit
1539 1571 1707 1646 ascensum
1735 1599 1831 1671 aquae
1853 1576 1949 1673 supra
1978 1579 2050 1662 deli-¹

631 1677 753 1746 ultum.
807 1674 884 1748 Nec
914 1680 1038 1749 mirum
1067 1670 1090 1744 li
1119 1697 1190 1744 non
1218 1671 1368 1746 accurate
1404 1674 1636 1761 conveniant,
1675 1675 1754 1744 clun
1784 1681 1930 1772 gravitas
1955 1681 2050 1754 Lunae

632 1777 752 1848 versus
778 1775 922 1848 Terram
947 1777 1102 1872 sequatur
1127 1771 1292 1851 rationem
1319 1771 1484 1844 inversam
1508 1775 1710 1870 duplicatam
1730 1773 1969 1864 distantiarum,
1983 1805 2050 1878 gra-

619 1878 829 1971 ¹vitasaquae
844 1879 948 1969 major
971 1899 1109 1974 quoque
1130 1869 1169 1944 sit
1193 1876 1360 1969 irtmajori
1382 1871 1556 1958 distantia,
1579 1873 1635 1947 sed
1658 1899 1727 1946 non
1739 1879 1776 1945 in
1788 1877 1909 1950 eidem
1921 1883 2050 1954 ratione.

635 1973 730 2048 Cum
755 1979 827 2048 haec
854 1977 1080 2050 Phaenomena
1103 1971 1166 2046 srnt
1190 1977 1352 2072 anahga,
1391 1977 1430 2046 δε
1456 1969 1513 2046 sibi
1535 1975 1656 2045 mutud
1683 1975 1829 2072 aliquam
1851 1977 1960 2052 lucem
1981 1979 2050 2054 alse-

633 2098 733 2169 rant,
771 2079 842 2150 haec
868 2081 912 2151 de
940 2079 981 2148 iis
1006 2080 1093 2152 inter
1122 2069 1155 2148 se
1179 2076 1306 2147 collatis
1339 2098 1524 2146 memorare
1553 2076 1729 2148 videbatur
1753 2101 1864 2174 operae
1896 2085 2049 2174 praetiun

633 2179 866 2276 Supponimus
891 2201 1004 2250 tamen
1029 2177 1086 2248 hlc
1113 2197 1209 2270 aquae
1230 2198 1364 2248 motum
1387 2177 1423 2244 in
1443 2177 1564 2246 eodem
1593 2176 1717 2248 circulo
1745 2177 1930 2272 AEquatori
1953 2183 2049 2278 paral·

633 2278 700 2349 lelo
722 2278 957 2376 perseverare,
997 2277 1052 2349 vel
1076 2276 1290 2350 latitudinem
1315 2265 1456 2360 e‘andem
1485 2275 1522 2346 in
1546 2271 1683 2370 fingulis
1708 2275 1975 2351 revolutionibus
1997 2281 2050 2354 ser·

632 2403 734 2459 vare,
770 2380 809 2449 dc
838 2377 1059 2448 variationem
1082 2373 1231 2449 ascensus
1258 2400 1353 2475 aquae
1385 2399 1458 2472 quae
1492 2400 1534 2468 ex
1555 2371 1666 2471 figura
1692 2375 1921 2473 Sphaeroidicl
1947 2379 2051 2458 Terre

633 2477 795 2582 provenit
819 2501 889 2551 non
914 2473 1170 2554 consideramus.

998 2661 1538 2796 enoeo'srrro
1591 2677 1704 2756 vir.

587 2978 588 2986 ἵ
632 2879 747 2961 ‘Mem
777 2907 868 2988 aqua
897 2883 1052 2982 turbam
1083 2911 1124 2960 ex
1158 2883 1536 2986 immundicitiam,
1575 2883 1642 2983 qula
1673 2905 1807 2986 corpora
1832 2891 1923 2962 circa
1952 2879 2053 2958 {laem

1061 2985 1172 3064 Terre
1193 3002 1280 3059 motet
1302 2982 1418 3058 diurno
1445 2981 1647 3080 Auferemur.

682 3191 829 3290 Quippe
859 3173 885 3262 li
913 3164 1009 3287 aquae
1037 3188 1145 3262 moles
1165 3183 1289 3262 seratur
1311 3183 1389 3260 aestu
1401 3197 1412 3270 ,'
1437 3188 1492 3263 vel
1517 3184 1582 3259 alia
1606 3190 1649 3262 de
1679 3187 1802 3280 causa,
1836 3191 1879 3261 ad
1903 3187 2055 3284 majorem

631 3293 689 3367 vel
712 3297 879 3368 minorem
900 3295 942 3364 ab
968 3293 1161 3400 AEquatore
1182 3287 1392 3372 distantiam,
1429 3291 1555 3363 incidet
1577 3293 1755 3388 inaquam
1775 3291 1909 3363 diversa
1934 3289 2056 3362 veloci·

513 3469 516 3472 ,
632 3415 700 3468 tate
725 3397 812 3466 circa
841 3391 959 3466 Axem
989 3391 1107 3466 Terrae
1141 3391 1260 3472 latam3
1296 3391 1388 3461 unde
1418 3391 1507 3463 illius
1532 3393 1667 3465 'motum
1689 3393 1815 3464 turbari
1850 3383 1980 3463 necesse
2005 3385 2055 3460 esl.

630 3489 836 3567 Differentia
865 3495 1083 3565 velocitaturn
1109 3493 1234 3586 quibus
1257 3505 1421 3586 corpora,
1460 3493 1606 3588 exempli
1636 3493 1767 3588 gratia,
1800 3495 1836 3564 in
1861 3491 1940 3562 loco
1973 3503 2058 3588 5081.

617 3596 676 3669 'ab
705 3594 897 3690 AEquatore
920 3587 1054 3679 dissito,
1089 3595 1128 3664 &
1153 3593 1190 3660 in
1213 3589 1289 3660 loco
1311 3591 1359 3683 36
1379 3591 1509 3662 tanturn
1531 3593 1685 3664 milliaria
1707 3594 1814 3688 magis
1835 3591 1956 3663 verriu
1980 3591 2058 3684 Sep·

634 3693 839 3766 tentionem
862 3716 1048 3790 vergente,
1074 3691 1181 3781 major
1207 3685 1255 3758 est
1276 3687 1382 3782 quim
1403 3691 1472 3786 qud
1497 3717 1522 3789 7
1549 3693 1702 3765 milliaria
1724 3689 1859 3788 smgulis
1880 3693 1977 3762 horis
1997 3685 2061 3761 des·

632 3796 840 3881 cribaretur,
867 3817 905 3868 ut
918 3791 1018 3866 ¹sacili
1041 3783 1168 3864 calculo
1189 3791 1326 3886 patebit.
1390 3791 1551 3888 Ct‘tmque
1570 3818 1682 3865 motus
1709 3793 1816 3867 Maris
1838 3813 1955 3864 tantur
1979 3813 2061 3862 non·

633 3917 809 3990 nunquam
835 3891 873 3966 srt
890 3917 930 3968 ut
951 3893 1046 3966 aestus
1077 3896 1102 3971 6
1125 3881 1301 3978 milliaria,
1335 3893 1391 3966 vel
1422 3896 1524 3966 etiam
1553 3895 1648 3992 plura
1669 3889 1806 3990 singulis
1826 3891 1922 3963 horis
1946 3889 2063 3965 deseri·

633 3999 691 4072 bat
703 4049 714 4084 ‚
740 3993 879 4070 elladius
900 3999 961 4092 qui
980 3999 1062 4066 hinc
1081 3993 1163 4063 oriri
1186 3985 1324 4085 possunt
1347 4019 1417 4065 non
1438 3993 1514 4068 sunt
1536 3995 1784 4068 contemnendi.

684 4097 724 4171 Si
746 4113 833 4192 aqua
859 4097 1027 4168 deferatur
1047 4095 1069 4168 *a
1091 4089 1241 4164 Meridie
1275 4093 1393 4168 versus
1417 4095 1689 4191 Septentrionem
1718 4115 1814 4176 motu
1833 4089 1986 4188 generali
2012 4085 2066 4162 as*

632 4221 714 4287 tut,
739 4198 881 4272 velalid
903 4197 1025 4293 quivis
1047 4197 1094 4300 ,de
1115 4189 1231 4278 musi,
1258 4191 1372 4266 cursus
1397 4217 1492 4290 aquae
1516 4197 1596 4266 hinc
1616 4195 1776 4292 paulatim
1804 4188 1969 4277 defled'let
1993 4212 2066 4264 ver·

635 4301 693 4370 alu
717 4293 920 4386 Orientem,
954 4298 1117 4396 quoniam
1138 4303 1226 4388 aqua
1251 4292 1346 4388 pride
1374 4295 1542 4368 serebatur
1568 4318 1665 4368 motu
1694 4296 1818 4366 diurno
1840 4293 1961 4364 versus
1987 4294 2067 4362 hanc

634 4401 770 4496 plagam
794 4400 912 4490 majori
944 4401 1121 4472 velocitate
1154 4389 1263 4490 quim
1296 4389 1344 4468 e'st
1364 4420 1403 4466 ea
1432 4417 1507 4492 quae
1533 4397 1693 4494 convenit
1720 4393 1795 4466 loco
1819 4395 1930 4490 magis
1953 4391 2067 4465 verriu

634 4499 783 4575 Boream
806 4497 879 4572 sno.
930 4497 1062 4574 Contra
1080 4493 1105 4566 si
1120 4505 1207 4592 aqua
1228 4491 1251 4562 it
1273 4491 1511 4589 septentrione
1531 4497 1647 4568 versus
1674 4491 1858 4568 Meridiem
1876 4492 2070 4576 deseratur,

635 4600 750 4674 cursus
782 4623 876 4700 aquae
910 4600 954 4668 ob
986 4597 1127 4671 similem
1148 4591 1282 4667 causam
1310 4597 1429 4668 versus
1460 4597 1687 4670 Occidentem
1711 4591 1880 4668 defleuee
1952 4592 2070 4687 Atque

635 4705 717 4776 hine
739 4701 832 4776 varia
865 4721 977 4769 motus
1015 4696 1121 4770 Maris
1143 4693 1372 4787 Phaenomena
1401 4697 1482 4768 oriri
1502 4695 1713 4793 suspicamur.
1779 4695 1878 4768 Hinc
1908 4689 2072 4776 forsitan,

636 4802 784 4906 exempli
808 4797 946 4900 gratia,
979 4795 1119 4872 Montes
1143 4789 1296 4896 glaciales
1323 4816 1401 4894 quae
1418 4822 1462 4874 ex
1483 4797 1628 4876 Oceano
1651 4795 1788 4874 Boreali
1811 4797 2074 4969 digrediuntur,

1950 4917 2079 4995 “luem
