4380 5678
478 461 1312 566 arRrruuxurMsnrgsr·
1518 493 1597 578 251
1749 509 1752 516 .

158 593 258 693 sequi
280 595 445 670 rationem
468 595 614 666 matetiae
638 589 804 690 Corporis
822 588 939 663 versits
959 589 1057 684 quod
1078 590 1251 688 dirigitur,
1276 617 1319 668 eii
1343 593 1513 694 principio
1530 623 1607 674 meas

159 721 296 769 morato
319 696 458 792 aliisque
483 694 689 790 argumentis
723 692 904 786 colligitur.
972 690 1100 765 Similis
1125 689 1171 766 est
1193 695 1279 774 ratio
1307 696 1451 770 aliarum
1473 699 1609 774 virium
1707 769 1710 776 .

159 823 240 895 quae
264 802 301 871 in
321 797 438 872 naturi
459 799 686 870 dominantur.
741 793 844 877 Lucis
868 793 955 864 radii
974 817 1028 872 eir.
1051 816 1103 890 gr.
1122 798 1231 892 magis
1256 796 1489 894 restinguntur
1500 849 1513 890 ,
1538 825 1606 890 cap·

160 901 244 972 teris
267 903 424 997 paribus,
451 898 522 992 quo
548 891 699 970 densiora
721 893 796 971 sunt
820 894 977 991 Corpora
997 917 1073 989 quae
1094 893 1290 971 subintrant
1344 897 1462 974 Tetra
1490 925 1604 998 partes
1734 937 1741 946 ·

159 999 283 1072 versus
310 999 341 1072 se
365 1001 484 1070 mutud
505 998 695 1092 gravitant,
720 1020 791 1066 non
811 993 929 1066 vetetis
953 995 1039 1068 illud
1065 997 1232 1094 punslum
1256 995 1378 1072 fidium
1401 1003 1505 1097 quod·
1522 1029 1608 1088 cern

161 1123 257 1172 trum
280 1099 397 1175 Terrae
418 1099 621 1197 appellamus
632 1121 644 1184 3
671 1099 766 1192 quod
791 1096 870 1168 clun
888 1097 1010 1168 rationi
1038 1099 1076 1174 δι
1098 1101 1261 1195 analogiae
1280 1125 1405 1174 natura
1425 1099 1471 1176 sit.
1492 1102 1604 1180 maxi-

160 1201 221 1272 mi
245 1200 504 1276 consentaneum
516 1252 528 1287 ,
570 1223 644 1270 tuin
673 1194 902 1294 pulcherrimi
933 1192 1151 1270 confirmatur
1188 1199 1435 1276 accuratisfimis
1466 1203 1604 1302 experi-

159 1304 288 1375 mentis
317 1326 393 1396 qua
416 1303 452 1372 in
472 1299 608 1373 Boreali
633 1298 780 1396 Europe
799 1318 892 1394 parte
909 1321 1019 1396 nuper
1042 1296 1256 1374 instituerunt
1280 1305 1347 1376 viri
1373 1303 1536 1379 clariffimi
1560 1335 1606 1388 eit
1759 1318 1772 1368 '-

162 1402 355 1480 Academia
384 1399 496 1498 Regia
522 1394 702 1474 Parisiensi.
756 1396 866 1470 Causa
891 1400 1064 1493 gravitatis
1100 1403 1347 1499 (quascumque
1372 1408 1512 1497 demum
1538 1405 1604 1508 sit)

161 1503 232 1578 lati
253 1506 474 1590 dominatur3
498 1525 648 1596 cumque
671 1495 710 1572 sit
729 1497 861 1572 diversa
882 1499 920 1569 in
937 1496 1077 1573 diversis
1105 1499 1291 1592 distantiis,
1315 1507 1454 1581 nonest
1477 1512 1611 1589 mirans

161 1607 270 1692 dum',
305 1606 375 1702 ejus
399 1607 471 1676 vini
494 1604 642 1701 pendere
670 1624 810 1697 quoque
835 1599 857 1672 i
879 1602 1118 1696 magnitudine
1147 1603 1237 1677 illius
1267 1605 1458 1703 Corporis,
1483 1612 1604 1686 versis

163 1708 262 1800 quod
284 1705 347 1778 alia
368 1705 522 1804 impellit.
584 1702 747 1776 Fateinur
772 1701 846 1777 vim
872 1703 961 1772 hano
983 1699 1131 1799 Corpori
1162 1708 1299 1779 centrali
1326 1709 1512 1808 improprii
1541 1714 1605 1786 tri·

165 1807 228 1878 bui
240 1831 253 1895 3
280 1809 418 1903 expedit
437 1805 579 1900 quidem
601 1804 775 1876 brevitatis
797 1801 905 1898 gratii
928 1797 972 1878 sic
998 1803 1115 1900 loqui,
1154 1806 1192 1878 id
1214 1829 1327 1894 autern
1348 1808 1443 1887 sensu
1467 1812 1608 1912 vulgari¹

163 1929 238 1979 non
262 1906 501 2001 Philosophico
525 1902 569 1978 est
590 1904 862 2000 intelligendum

219 2007 307 2082 Hac
325 2010 473 2090 brevitet
490 2005 622 2081 tantirm
640 2005 698 2076 hic
718 2005 927 2100 attingimus,
977 1999 1174 2082 Neivtonus
1196 2003 1375 2105 poliquini
1396 2011 1610 2092 definivilset.

164 2109 242 2182 vini
266 2109 354 2182 Solis
380 2111 423 2180 ad
447 2131 549 2203 aquas
576 2106 756 2178 turbandas
778 2129 822 2178 eir
844 2101 1035 2179 differentia
1059 2109 1214 2181 diametri
1243 2111 1445 2208 AEquatoris
1472 2120 1512 2192 et
1543 2115 1602 2192 A·

165 2211 220 2284 xis
248 2207 365 2282 Terrae
393 2213 413 2300 (
422 2232 525 2305 quam
546 2207 837 2304 approximatione
856 2205 1004 2301 quadarn
1028 2208 1088 2284 sua
1105 2206 1395 2310 investigaverat)
1418 2241 1478 2312 per
1496 2240 1603 2315 regu.

165 2309 237 2381 larii
260 2335 394 2382 auream
417 2311 537 2405 quaerit
557 2310 705 2382 breviter
730 2305 899 2380 ascensum
921 2333 1018 2404 aquae
1042 2337 1085 2384 ex
1106 2313 1143 2382 vi
1166 2312 1255 2384 Solis
1283 2318 1477 2390 oriundum.
1530 2315 1604 2403 Ve-

164 2411 426 2508 ritinlquamvis
454 2411 600 2483 elevatio
623 2433 719 2504 aquas
742 2431 818 2502 quar
840 2403 885 2480 sic
906 2413 1021 2505 prodit
1045 2435 1164 2509 patum
1189 2411 1210 2486 i
1236 2419 1318 2490 vers
1342 2415 1497 2501 differat,
1524 2421 1609 2508 cirin,

166 2535 282 2585 tamen
307 2512 516 2584 Problemata
537 2513 609 2588 liaec
630 2506 693 2612 sini
710 2505 834 2582 diversi
855 2512 1013 2606 generis,
1040 2537 1188 2608 quorum
1208 2517 1301 2612 prius
1321 2522 1446 2617 pendet
1464 2520 1485 2602 ὲ
1502 2517 1605 2608 Qua·

165 2614 306 2687 aratura
331 2613 468 2700 circuli,
504 2608 666 2709 posterius
697 2609 855 2684 autemi
885 2609 1103 2698 Quadraturi
1135 2615 1349 2713 Hyperbolae
1376 2618 1432 2694 seu
1458 2621 1604 2718 Logari÷

164 2717 293 2794 thmis‚
320 2738 358 2788 ut
383 2710 496 2810 postei
516 2714 730 2799 videbimus3
756 2707 865 2807 sitque
883 2714 1062 2788 dubitandi
1084 2717 1177 2788 locus
1197 2743 1239 2787 an
1260 2720 1279 2794 ὲ
1304 2723 1410 2820 priori
1428 2724 1472 2797 ad
1492 2721 1604 2819 poste.

165 2818 293 2890 riorem
323 2817 549 2889 elevationem
581 2815 893 2897 determinandam,
933 2812 1087 2888 transitur
1119 2819 1206 2889 adeo
1231 2819 1345 2894 brevis
1370 2815 1409 2893 sit
1440 2825 1535 2896 omni
1559 2847 1605 2914 ex
1688 2850 1699 2863 ·

167 2939 263 3015 parte
290 2917 484 3012 legitimus,
510 2915 565 2988 vel
586 2917 687 2998 etiam
710 2938 753 2986 an
783 2912 971 2988 Metliodus
995 2918 1064 3012 qui
1093 2913 1239 3012 figurarit
1260 2919 1379 3014 Tetrae
1401 2921 1610 3020 definiverat

166 3012 207 3090 fit
222 3017 296 3090 setis
309 3041 471 3100 accurata,
497 3017 645 3111 cunique
659 3017 748 3088 vites
761 3011 974 3090 subtiliffimae
988 3041 1121 3090 motum
1135 3015 1213 3092 Ma-

162 3120 213 3198 ris
236 3120 440 3215 producant,
466 3143 543 3213 qua
562 3117 672 3190 nullos
693 3116 775 3190 alios
797 3111 962 3190 sensibiles
987 3122 1092 3193 edunt
1113 3115 1213 3193 ellec-

165 3241 236 3306 rus,
260 3220 347 3292 adeci
371 3241 410 3291 ut
427 3216 586 3293 leviffima
603 3241 748 3312 quaque
761 3217 798 3287 in
813 3219 875 3290 hac
900 3216 1132 3314 disquisitione
1151 3222 1212 3298 ali·¹

165 3319 264 3412 cujus
286 3323 451 3394 momenti
475 3317 541 3396 elle
561 3315 705 3416 poffint3
739 3339 916 3414 propterea
941 3318 1131 3394 existimavi
1155 3345 1212 3396 me

166 3419 339 3494 saslurum
360 3424 668 3518 opere-prasium,
693 3412 717 3488 si
739 3418 838 3490 aliam
855 3421 1020 3514 aperirem
1033 3423 1126 3494 viam
1143 3423 1212 3518 qui
1264 3467 1296 3532 i<

162 3521 312 3596 calculus
334 3525 370 3593 in
391 3522 480 3595 hisce
503 3521 770 3598 Problematibus
791 3543 835 3596 ex
853 3521 1011 3618 genuinis
1035 3525 1212 3625 principiis

164 3619 404 3696 accuratiffimd
426 3621 553 3697 institui
576 3624 711 3720 poterit.
872 3714 876 3720 Ι
1046 3635 1048 3638 ’

216 3719 417 3822 Repetenda
439 3727 604 3822 imprimis
619 3723 693 3806 suot
711 3747 815 3820 pauca
828 3745 872 3800 ex
890 3723 1078 3810 Nevtono,
1098 3721 1213 3824 postea
1325 3765 1326 3768 ¹

166 3825 259 3898 tiam
277 3827 443 3900 diversum
461 3827 649 3924 sequemur.
669 3824 772 3900 SitL
786 3824 899 3914 Luna,
915 3829 1113 3901 Tcentrum
1124 3826 1213 3901 Ter·
1268 3843 1291 3932 Β

163 3951 234 4010 ras,
274 3931 303 3998 B
315 3927 335 4002 b
358 3930 497 4024 planum
517 3927 617 4004 redite
644 3925 722 3997 L's
742 3929 1036 4024 perpendiculare,
1065 3929 1211 4027 Pparti÷
1298 3902 1371 4039 w

166 4030 384 4124 culaquaevis
404 4028 535 4112 Terraer
560 4025 669 4124 sitque
684 4029 772 4100 PM
786 4032 1067 4125 perpendicularis
1085 4035 1121 4108 in
1139 4033 1207 4128 pla·
1284 4055 1314 4119 F
1334 4034 1352 4070 ²

35 4165 44 4176 ·
167 4155 252 4202 num
273 4129 344 4204 ab.
396 4129 626 4228 Repraesentet
658 4129 740 4202 LT
764 4133 965 4225 gravitatem
991 4131 1108 4209 Tetra
1136 4157 1207 4207 me·
1333 4129 1361 4197 P
1424 4167 1458 4232 A
1539 4114 1589 4192 '..

167 4233 321 4305 diocrem
343 4233 398 4306 vel
421 4233 591 4330 particular
613 4233 649 4304 iri
668 4255 784 4306 centro
807 4230 843 4302 Τ
856 4227 970 4328 positae
989 4235 1107 4312 versus
1135 4233 1210 4309 Lu·
1451 4239 1453 4243 ’

164 4357 253 4416 nani,
280 4332 427 4406 sumatur
449 4335 524 4408 LK
536 4337 581 4408 ad
597 4332 685 4423 LT,
709 4355 747 4404 ut
763 4327 811 4406 est
830 4333 930 4406 w
951 4336 996 4407 ad
1016 4339 1117 4427 LP’,
1130 4337 1210 4410 erli-v

166 4457 234 4530 que
253 4431 346 4509 resta
364 4437 437 4510 LK
453 4436 607 4511 mensura
632 4435 807 4532 grauitatis
835 4437 1007 4534 particulae
1029 4441 1059 4514 1²
1079 4440 1117 4512 in
1135 4435 1210 4531 L'u·

162 4559 253 4609 nain.
288 4533 443 4612 Ducatur
464 4540 538 4613 KG
558 4535 659 4614 redae
678 4537 752 4611 PT
774 4537 952 4631 parallela,
988 4562 1211 4636 occurritque

161 4639 242 4710 ai·
259 4637 457 4733 producta,
493 4635 518 4710 si
540 4663 625 4739 opus
644 4635 715 4724 est,
740 4639 777 4710 in
792 4638 841 4722 G,
881 4641 921 4714 dc
945 4642 1131 4720 resolvetur
1154 4641 1211 4714 vit

160 4739 239 4852 LK
255 4741 292 4816 in
316 4742 408 4848 vires
429 4742 505 4833 KG
530 4743 571 4834 dr
595 4743 697 4836 116,
732 4761 877 4855 quatum
899 4745 993 4858 prior
1013 4767 1112 4864 urget
1132 4765 1210 4864 pair
