4380 5678
438 387 441 406 ⁵
614 406 734 516 284·
812 371 1153 496 Iruurstrro
1225 401 1472 488 P'rrrsrcn
1523 421 1583 484 ru
1635 397 1867 480 Crustu
1947 387 1954 390 ’

625 553 703 608 turn
721 534 857 636 propris
890 519 927 608 vi
952 537 1044 609 huno
1064 557 1198 608 morum
1219 536 1436 610 uniformiter
1455 535 1492 607 in
1511 531 1683 604 ditedlunt
1700 531 1844 604 retinet:
1869 547 1901 600 at
1950 545 1969 602 e
1988 545 2049 602 cori

627 657 718 734 pus,
738 635 834 732 quod
861 638 947 708 circa
972 659 1070 708 exem
1093 637 1354 710 conuenientem
1378 661 1437 734 per
1466 658 1617 708 centrum
1637 632 1815 728 gravitatis
1838 651 1910 702 tran
1925 653 2049 702 euntem

629 757 766 808 motum
789 737 989 808 rotatorium
1017 734 1116 810 semel
1142 733 1188 808 est
1214 735 1457 824 consecutum,
1496 736 1619 806 eodem
1644 757 1742 804 motu
1767 732 1868 803 rotari
1895 731 2047 828 perpetual

627 833 689 907 sud
721 835 838 953 spmtte
860 857 1002 933 perget:
1044 861 1155 932 neque
1178 835 1372 932 hujusmodi
1398 859 1555 909 motuum
1583 832 1713 906 causam
1747 835 1782 904 in
1811 829 1879 904 ulla
1910 854 1947 903 re
1971 831 2048 916 alil,

629 931 692 1006 nist
714 937 749 1006 in
769 937 842 1033 tpad
868 960 1049 1032 corporum
1072 937 1208 1021 natura,
1234 941 1341 1032 quaeri
1366 961 1511 1036 oportet.
1566 933 1739 1021 Quocirca
1760 928 1785 1002 st
1809 932 1908 1026 hujus
1927 933 2049 1026 generis

630 1034 884 1109 Plraenomenon
917 1038 1021 1112 suerit
1052 1034 1285 1135 proposrtum‚
1324 1041 1387 1112 alia
1410 1037 1506 1112 causa
1532 1031 1730 1132 investigati¹
1747 1059 1817 1107 uon
1841 1029 1949 1130 potest
1961 1084 1973 1121 ,
1998 1029 2050 1104 nist

631 1157 707 1230 quae
732 1135 753 1208 ὲ
773 1140 941 1234 principio
961 1140 1041 1212 tales
1065 1162 1177 1211 motus
1201 1144 1437 1238 procreaverit.

683 1215 778 1331 §a
834 1239 951 1335 Hujus
977 1243 1107 1336 generis
1129 1240 1216 1313 foret
1238 1239 1393 1334 quaestio,
1430 1237 1455 1310 fi
1478 1261 1681 1335 quaereretur
1706 1234 1800 1311 causa
1821 1233 1934 1308 motlts
1957 1236 2047 1309 verti·

630 1339 721 1434 ginis
749 1339 960 1415 Planetatum
992 1365 1030 1412 ac
1061 1341 1173 1427 Solis3
1208 1339 1265 1412 hle
1295 1343 1388 1418 enim
1402 1339 1580 1422 'sufficeret
1612 1360 1686 1412 eam
1710 1335 1841 1412 causam
1869 1333 2050 1432 allignalse,

630 1461 709 1534 quae
730 1442 830 1514 initio
854 1444 916 1512 hos
941 1464 1054 1514 motus
1074 1437 1304 1538 produxisset,
1331 1442 1410 1513 ciam
1436 1441 1497 1524 Sol
1516 1439 1612 1536 aeque
1638 1465 1677 1512 ac
1698 1436 1843 1510 Planetae
1867 1439 1968 1511 talem
1990 1463 2051 1507 nro-

592 1611 596 1618 ,
630 1561 706 1611 turn
727 1540 827 1617 semel
847 1541 1017 1614 consecuti
1038 1542 1182 1615 eundem
1202 1542 1339 1639 propris
1363 1542 1400 1613 vi
1424 1543 1589 1638 perpetud
1612 1539 1807 1639 conservare
1825 1541 1979 1620 debeant,
2003 1564 2051 1609 ne·

630 1644 765 1737 quaed
792 1645 858 1715 hoc
883 1641 1136 1740 Phaenomenon
1161 1644 1399 1740 explicandum
1423 1645 1475 1715 vis
1503 1641 1570 1714 ulla
1591 1665 1730 1714 externa
1757 1640 1860 1712 etiam
1884 1663 1977 1714 nunc
1999 1641 2051 1710 du-

630 1747 708 1814 rans
731 1736 932 1839 requiratur.
986 1741 1109 1843 Longe
1134 1743 1228 1816 aliter
1249 1743 1282 1816 se
1305 1768 1355 1816 res
1380 1745 1505 1830 habet,
1531 1737 1556 1811 st
1580 1765 1691 1813 motus
1719 1764 1926 1838 proponatur
1953 1763 2053 1836 neque

632 1843 835 1928 uniformis,
862 1867 972 1940 neque
999 1847 1037 1916 in
1069 1844 1238 1917 directum
1272 1847 1484 1944 procedens,
1519 1841 1706 1938 cujusmodi
1733 1838 1782 1914 est
1812 1865 1924 1920 motus
1949 1841 2053 1914 Plane⁴

634 1963 744 2015 tarum
770 1946 963 2042 periodicus
1002 1949 1089 2018 circa
1120 1947 1259 2018 Solem:
1295 1948 1361 2018 hoc
1383 1947 1475 2018 enim
1500 1943 1575 2016 casu
1605 1939 1746 2014 minime
1779 1939 1900 2014 sufficit
1923 1968 1965 2016 ea
1983 1943 2053 2026 vis,

634 2065 711 2138 quae
732 2046 831 2118 initio
859 2046 1009 2119 Planetas
1038 2049 1082 2120 ad
1103 2045 1288 2122 istiusmodi
1314 2067 1427 2123 motus
1456 2044 1650 2141 impulerit,
1684 2041 1742 2116 sed
1770 2043 1936 2139 perpetud
1968 2063 2054 2112 novae

633 2145 761 2217 virium
790 2145 937 2222 actiones
960 2151 1206 2243 requiruntur,
1232 2148 1253 2222 *a
1278 2146 1400 2244 quibus
1425 2170 1493 2218 tarn
1515 2145 1664 2220 celeritas
1688 2143 1792 2240 quam
1822 2142 1967 2218 directio
1987 2165 2056 2212 con·

634 2245 733 2317 tinud
760 2248 981 2320 immutetur:
1009 2271 1085 2343 quae
1109 2251 1224 2331 vires,
1262 2248 1368 2344 qulam
1396 2247 1545 2344 primum
1568 2243 1725 2320 cessarent
1741 2257 1772 2332 ,ᾗ
1786 2244 1901 2317 subitd
1924 2243 2054 2318 Planetae

634 2347 759 2418 orbitas
800 2347 872 2419 suas
901 2349 1111 2434 desererent,
1146 2373 1248 2444 atque
1278 2353 1313 2421 in
1353 2347 1522 2422 diteslum
1559 2370 1658 2422 motu
1693 2347 1849 2442 aequabili
1887 2345 2055 2418 avolarent

635 2443 750 2532 Qudd
774 2443 926 2544 frigitur
951 2448 1204 2524 Phaenomenon
1219 2452 1447 2548 quodcunque
1474 2473 1598 2520 naturae
1624 2471 1855 2546 proponatur,
1894 2445 1972 2518 ante
1991 2467 2056 2514 orn·

635 2547 691 2618 nia
723 2548 861 2621 sollicite
889 2546 936 2621 est
967 2552 1228 2646 inquirendum,
1264 2553 1308 2623 ad
1335 2551 1508 2646 quodnam
1539 2572 1645 2646 genus
1679 2549 1717 2621 id
1743 2549 1934 2646 pertineat,
1968 2568 2057 2640 atque

634 2667 751 2720 utrum
786 2649 880 2722 causa
900 2651 938 2721 in
961 2652 1092 2726 viribus
1123 2653 1269 2726 externit
1289 2647 1330 2724 stt
1355 2649 1558 2747 quaerenda,
1584 2675 1628 2722 an
1653 2651 1690 2721 in
1715 2649 1789 2746 ipso
1817 2645 1968 2741 subjecto
1994 2667 2057 2716 cor·

633 2749 742 2844 pote?
769 2747 971 2836 Quinetiam
994 2751 1221 2848 saepenumerd
1256 2751 1461 2826 usuvenire
1489 2747 1618 2846 potest,
1640 2765 1692 2823 ‘ut
1726 2746 1866 2823 effectus
1896 2745 2059 2840 utriusque

632 2851 766 2943 generis
790 2853 826 2921 in
851 2851 971 2924 eodem
996 2851 1223 2926 Phaenomeno
1250 2854 1396 2926 multum
1426 2847 1490 2923 sint
1523 2852 1611 2924 inter
1634 2850 1667 2921 se
1695 2851 1875 2946 permixti;
1902 2871 1973 2944 quo
1995 2843 2061 2916 casu

635 2947 767 3020 summo
791 2947 900 3023 studio
922 2955 946 3023 ii
972 2952 992 3024 ὲ
1018 2953 1051 3026 se
1080 2956 1229 3028 invicem
1257 2953 1400 3030 discerni
1423 2951 1501 3027 antd
1531 2953 1729 3042 debebunt,
1768 2949 1873 3050 quam
1897 2947 2059 3024 causamn

635 3047 851 3147 investigatio
877 3051 1079 3150 suscipiatur,
1100 3059 1128 3080 ·’
1401 3079 1403 3084 ’
1436 3035 1448 3062 '
1568 3083 1572 3094 ·
1691 3147 1693 3152 Δ

687 3152 719 3244 §.
751 3175 784 3247 3.
840 3151 909 3226 His
934 3153 998 3225 rite
1022 3155 1189 3254 perpensts
1222 3156 1400 3254 explicatio
1428 3153 1583 3245 Galilei',
1622 3177 1726 3254 quam
1756 3153 1793 3226 in
1819 3155 1885 3228 suis
1911 3151 2062 3247 Dialogis

635 3255 679 3327 de
708 3251 788 3326 aestu
814 3253 921 3326 Maris
943 3249 1101 3352 affignare
1121 3256 1168 3332 est
1198 3282 1362 3345 conatus,
1398 3279 1479 3327 mox
1504 3257 1652 3328 concidit
1660 3280 1674 3344 3
1708 3259 1840 3354 putavit
1866 3258 1961 3328 enim
1984 3253 2064 3326 Flu·

525 3430 526 3435 ,
635 3379 719 3426 xum
743 3380 781 3426 ac
809 3349 998 3429 Refluxunt
1023 3356 1129 3432 Maris
1152 3361 1284 3432 tantum
1308 3359 1328 3434 ”a
1350 3359 1499 3430 motibus
1521 3354 1640 3432 Terrae
1667 3363 1829 3450 rotatorio
1856 3356 1945 3429 circa
1976 3377 2065 3428 axem

635 3459 677 3527 δι
707 3457 880 3551 periodioo
907 3459 994 3529 circa
1021 3459 1137 3532 Solem
1162 3464 1259 3544 oriri,
1286 3483 1397 3556 neque
1423 3459 1496 3530 aliis
1525 3459 1654 3532 viribus
1677 3460 1780 3531 tribui
1804 3471 1986 3559 oportere,
2009 3449 2064 3528 nist

635 3577 720 3656 quae,
741 3557 803 3626 hos
822 3579 933 3628 motus
967 3558 1046 3628 clun
1068 3565 1271 3655 producant,
1303 3561 1376 3632 tltrn
1402 3559 1609 3632 conservent.
1661 3559 1821 3658 Namque
1849 3553 1884 3656 fi¹
1904 3579 2065 3658 ponamus

636 3647 782 3726 Terram
804 3655 873 3727 solo
894 3680 990 3740 motu
1012 3661 1135 3733 diurno
1159 3659 1223 3734 elle
1247 3663 1438 3758 preditam,
1465 3657 1524 3734 iste
1545 3670 1667 3734 motus'
1681 3661 1779 3734 Mare
1798 3663 1895 3734 aliter
1918 3685 1992 3733 non
2007 3655 2069 3730 effi·

533 3789 538 3796 ·
634 3755 714 3840 ciet,
742 3751 802 3827 nist
827 3758 863 3828 id
886 3755 945 3832 sub
962 3757 1153 3856 AEquatore
1178 3764 1381 3850 attollendo,
1420 3787 1462 3836 ex
1486 3787 1557 3860 quo
1580 3757 1691 3858 figure
1710 3762 1828 3837 Terra
1849 3759 2066 3858 sphaeroidica

632 3853 820 3954 'comprell'a
845 3857 1011 3946 nascitur,
1046 3887 1157 3938 motus
1184 3865 1268 3939 verd
1294 3866 1487 3960 reciprocus
1515 3869 1551 3936 in
1572 3861 1663 3936 Mati
1686 3865 1832 3936 omnind
1860 3865 1978 3936 nullus
1996 3864 2070 3933 hinc

634 3961 789 4055 generari
808 3961 942 4057 poterit.
1011 3960 1123 4051 Quod
1152 3962 1178 4036 st
1209 3990 1322 4039 autem
1344 3963 1461 4039 Terrae
1491 3965 1627 4063 insuper
1654 3975 1789 4038 motuni
1817 3965 2072 4063 aequabilemiu

602 4097 606 4104 ·
631 4060 805 4133 directum
825 4063 1022 4153 tribuamus,
1049 4068 1160 4162 priora
1188 4067 1415 4141 Pltaenomem
1433 4067 1526 4140 nullo
1546 4068 1651 4138 modo
1672 4066 1875 4151 afficientur,
1902 4067 1965 4140 sed
1985 4077 2076 4162 pron

633 4163 691 4236 ans
713 4164 831 4237 endem
855 4173 1062 4251 manebunt,
1089 4171 1379 4266 quemadmodum
1403 4193 1445 4243 ex
1474 4169 1649 4264 principiis
1677 4169 1880 4244 mechanicis
1901 4161 2075 4240 clariffime

632 4258 776 4362 perspici
805 4265 909 4349 licet,
948 4269 1069 4364 quibus
1096 4269 1230 4344 ¹constat
1259 4293 1392 4342 motum
1424 4271 1631 4343 uniformem
1659 4273 1695 4344 in
1716 4270 1889 4345 ‘directum
1909 4271 2076 4342 omnibus

633 4366 783 4463 partibus
813 4363 1010 4464 Sy'stematis
1043 4371 1271 4469 cuiuscunque
1306 4395 1487 4469 corporum
1526 4372 1698 4469 aequaliter
1722 4368 1920 4469 impressum
1953 4371 2077 4442 nullan

635 4465 776 4537 omuind
808 4472 1031 4544 mutationem
1062 4475 1098 4543 in
1125 4497 1224 4546 motu
1252 4477 1291 4546 δι
1321 4467 1384 4546 srtu
1422 4475 1569 4570 partium
1597 4475 1740 4548 relativo
1772 4473 1909 4546 inferte.
1969 4471 2079 4545 Abeat

632 4589 724 4638 nunc
742 4587 853 4636 motus
874 4567 933 4642 ille
953 4573 1127 4668 aequabilis
1146 4572 1263 4646 Te‘rtae
1293 4575 1330 4646 in
1362 4575 1531 4648 directum
1550 4572 1724 4674 impressus
1743 4577 1780 4648 in
1803 4576 2010 4651 circularem
2031 4571 2081 4644 vel

582 4684 590 4742 ὲ
625 4669 816 4767 ,ρίἰίρῑὶσῑυη
842 4691 904 4765 per
938 4675 1027 4749 tirea
1061 4675 1184 4768 quibus
1215 4671 1326 4752 Terta
1356 4679 1524 4784 perpetud
1554 4681 1599 4756 ad
1629 4679 1746 4757 Solem
1770 4701 1940 4780 urgetur}
1979 4704 2019 4753 ac
2045 4697 2083 4746 ne

2026 4781 2087 4860 ltoc
