4558 5676
509 475 1343 564 ouoeosrrroNUM.
1554 484 1646 578 nu.

268 622 306 704 la
330 619 403 728 fito
439 624 477 700 in
503 647 572 700 axe
599 615 649 698 od
668 613 880 728 dislontium
909 621 1136 699 PEexercet
1165 619 1205 695 in
1235 608 1483 728 corpusculum
1512 625 1637 703 Pera.
1803 685 1805 690 .
1900 629 1902 634 ’

270 739 369 820 lectur
397 734 521 848 versuo
545 735 750 850 spheram,
779 734 823 844 cs
852 759 895 813 ut
925 761 1012 813 area
1040 736 1170 816 ANB
1195 730 1440 847 comprehensa
1459 731 1530 847 sub
1566 765 1637 819 otte

259 857 411 972 splene
440 861 540 954 AB,
571 857 617 936 ὁ*
637 853 738 934 linecl
762 847 993 986 curvcloAN
1003 855 1060 948 B,
1092 879 1203 962 quum
1232 856 1409 966 punctum
1442 862 1479 938 N
1514 885 1635 968 perpe.

270 975 332 1056 tul
362 983 494 1085 tangit.
1335 985 1339 996 '
1433 977 1518 1085 I'ag.
1552 988 1631 1078 483

207 1095 328 1180 Pnoo.
362 1095 528 1177 LXXXI.
563 1093 706 1175 vion..
738 1095 833 1174 XLI.
893 1085 1082 1166 Stantibus
1100 1083 1187 1196 jorn
1212 1085 1329 1200 postis
1347 1141 1361 1187 ,
1392 1090 1637 1204 mensuranda

270 1211 315 1324 esl
349 1239 435 1291 area
473 1209 615 1320 ΛΝΒ.
1215 1209 1219 1226 ¹
1553 1223 1635 1305 486

209 1331 545 1415 Puofflxrlll.
579 1329 738 1410 Tomi.
770 1326 866 1408 XLI.
928 1321 993 1402 .In
1020 1314 1169 1435 splcercl
1201 1349 1318 1405 centro
1345 1335 1403 1423 S,
1442 1327 1636 1408 intervallo

270 1452 295 1532 S
315 1455 349 1531 Α
372 1443 572 1560 descripto,
594 1445 628 1552 fi
654 1454 849 1556 cupiantur
872 1443 933 1537 SI,
966 1445 1055 1534 SA,
1085 1445 1173 1538 Se,
1205 1440 1371 1522 concinui
1394 1451 1638 1558 proportione.

270 1564 343 1647 let:
376 1563 453 1644 dcco
483 1559 576 1676 quocl
611 1557 806 1674 corpusculi
840 1564 940 1640 intro
959 1554 1160 1672 spheram,
1201 1567 1238 1642 iu
1259 1561 1331 1640 loco
1355 1571 1485 1674 quovis
1513 1569 1549 1662 I,
1582 1589 1652 1646 ατ.-

270 1685 402 1780 trollro
430 1681 473 1793 esl
501 1680 551 1760 uel
577 1683 832 1759 attractionem
859 1675 962 1786 ipfint
989 1701 1092 1756 extra
1111 1675 1317 1789 splenem,
1348 1685 1388 1759 in
1418 1680 1490 1760 loco
1522 1687 1565 1779 P,
1596 1689 1637 1764 in

195 1897 200 1910 .
272 1812 410 1882 ratione
441 1801 627 1910 compostel
652 1824 697 1876 ex
719 1790 983 1908 subduplicorcl
1016 1801 1167 1876 ratione·
1190 1797 1446 1908 dislontiarum
1472 1801 1497 1880 cl
1523 1825 1639 1882 centro

271 1923 351 2018 ls,
383 1921 471 2017 ΡΒ,
508 1919 553 1998 &⁶
568 1912 834 2029 suldtrplicotcl
857 1917 996 1991 tatione
1023 1919 1166 1992 virium
1193 1921 1487 2032 centripetorum‚
1521 1924 1560 2000 in
1586 1925 1638 2002 lo·

275 2041 324 2116 cit
356 2035 427 2116 illis
456 2044 483 2117 1)
512 2037 556 2114 ὁ*
584 2038 622 2132 Ι,
654 2032 704 2112 nd
732 2056 893 2113 centrum
920 2025 1158 2117 tendentium.
1552 2057 1636 2133 495
1703 2042 1709 2058 “

207 2159 330 2239 Pion
360 2157 563 2237 LXXXIII.
598 2159 742 2234 ouon..
776 2155 889 2236 XLII.
963 2147 1132 2231 Invenire
1163 2154 1245 2228 vim
1272 2149 1350 2262 quel
1389 2150 1635 2268 corpusculum

272 2278 310 2350 in
334 2296 451 2351 centro
467 2267 619 2385 sphern
644 2268 803 2350 locatum
833 2267 885 2349 ad
907 2261 982 2374 ejus
1004 2263 1238 2380 segmentum
1261 2267 1495 2383 quodcunque
1520 2296 1639 2354 ottro.

272 2385 383 2473 ltt'tur.
1561 2419 1637 2508 509

204 2512 358 2594 Ptoou.
389 2507 600 2592 LXXXIV.
633 2517 821 2596 PRonL.
852 2504 994 2589 XLIII.
1055 2445 1227 2584 Invenire
1259 2510 1367 2604 vim,
1399 2503 1476 2618 qnll
1503 2505 1642 2622 corpus.

214 2687 218 2698 .
270 2624 419 2724 culum,
464 2647 569 2704 extro
606 2649 767 2704 centrum
785 2618 935 2736 spltaerae
968 2627 1008 2701 in
1039 2649 1109 2702 one
1129 2617 1311 2734 segmenti
1342 2620 1507 2736 cujusvis
1541 2626 1640 2707 loca·
1792 2713 1794 2718 ,

271 2766 374 2840 tum,
404 2739 604 2822 ottrnlrirur
634 2741 681 2821 ab
709 2739 828 2820 eodem
844 2787 847 2798 .
849 2735 1043 2849 segmento.
1328 2803 1332 2808 .
1533 2746 1637 2854 *50¹²

210 2865 333 2947 PRoo.
358 2861 562 2945 LXXXV.
589 2862 751 2943 Tfloor.
780 2859 898 2940 XLII.
972 2855 1013 2936 Si
1046 2860 1195 2966 corporis
1227 2861 1406 2956 artroili,
1437 2857 1503 2937 nbi
1524 2884 1641 2946 orna.
1720 2857 1729 2882 ‘

268 2977 370 3058 luenti
405 2983 615 3088 contiguum
644 2975 718 3084 est,
757 2975 930 3055 ottroilio
965 2969 1065 3084 longe*
1078 2967 1212 3082 sortior
1225 2975 1301 3080 fit,
1334 2975 1447 3088 quclrn
1473 3005 1556 3058 curn
1577 2981 1640 3062 vel

270 3102 420 3176 mint'mo
460 3092 653 3175 intervallo
683 3089 901 3206 separantur
930 3089 977 3171 ab
1011 3097 1200 3175 invicem:
1248 3104 1343 3173 vires
1374 3097 1641 3208 particulorum

269 3209 458 3311 trahentis,
490 3220 529 3292 in
554 3211 682 3316 receset
705 3215 857 3324 corporis
881 3213 1035 3290 arnalli
1045 3262 1059 3310 ,
1092 3207 1297 3323 decrescunt
1316 3218 1360 3294 in
1387 3223 1526 3296 ratione
1541 3213 1641 3331 plus}

215 3383 219 3392 ι
274 3361 385 3444 quom
419 3329 609 3446 duplicati
636 3328 890 3440 dislantiorum
923 3327 1177 3443 iportt'culic.
1561 3363 1608 3440 50
1618 3365 1634 3440 3

213 3455 332 3534 Puoo.
366 3453 569 3536 LXXXVI.
603 3452 763 3532 Tonoo.
795 3449 923 3532 XLIII.
984 3446 1327 3560 supertitiosarum,
1359 3474 1405 3528 ox
1424 3450 1644 3562 quiluutor.

269 3595 338 3684 pus
369 3572 613 3650 attrollivum
638 3569 889 3678 componitur,
934 3567 1032 3644 uires
1071 3569 1111 3647 in
1147 3565 1275 3670 rectsu
1305 3574 1456 3681 corporis
1486 3571 1642 3652 ottrnllt'

219 3745 222 3752 ·
271 3681 475 3798 decrescunt
506 3689 546 3765 in
587 3679 777 3800 triplicati
805 3681 867 3762 vel
896 3676 1089 3796 plusquam
1124 3681 1313 3794 triplicatel
1343 3695 1482 3768 ratione
1508 3685 1643 3800 dislau-

272 3812 412 3887 tiarnrn
456 3804 480 3883 cl
506 3807 721 3918 particulis,
765 3803 945 3882 attrollio
977 3798 1077 3911 longl
1108 3797 1241 3910 sortior
1271 3808 1340 3882 erit
1371 3812 1411 3886 in
1447 3813 1638 3910 contollu,

216 3965 219 3974 ·
270 3921 386 4038 qua‘rtt
406 3919 487 4001 elom
518 3920 660 4002 trahens
695 3925 741 4004 &¹
771 3921 972 4004 ornanum
989 3919 1186 4002 interuallo
1209 3920 1272 4003 vel
1295 3928 1448 4004 minimo
1466 3922 1641 4040 septunn.

274 4065 331 4124 tur
358 4039 405 4122 ob
437 4043 609 4122 invicem.
952 4053 955 4060 '
1005 4065 1024 4114 2¹
1329 4101 1336 4117 .

210 4158 333 4245 ocor.
364 4161 590 4246 LXXXVII.
614 4160 777 4243 Toron.
808 4163 976 4246 XLIV..
1007 4157 1048 4238 Si
1058 4183 1209 4271 corpora
1238 4157 1310 4240 duo
1321 4157 1386 4262 fili
1412 4164 1575 4242 inuicem
1590 4163 1643 4270 fi-

217 4333 224 4340 -
271 4279 404 4376 milia,
454 4281 499 4362 cl*
531 4303 577 4357 etc
601 4275 761 4358 mocericl
794 4277 979 4391 <equaliter
1004 4279 1221 4358 otttoilivcl
1246 4278 1473 4391 conslontia,
1503 4275 1644 4392 stotfim

218 4469 225 4480 .
269 4395 464 4479 attrahunt
501 4391 705 4508 corpusculo
731 4395 801 4503 filei
830 4395 908 4512 ipss
938 4397 1220 4512 proportionalia
1248 4401 1304 4481 ὸ*
1330 4396 1380 4480 od
1407 4395 1459 4512 se
1475 4397 1644 4506 semiliter

268 4515 398 4630 posto:
438 4519 671 4596 artroiliones
700 4515 963 4600 accelerotrices
996 4510 1281 4630 corpusculorum
1304 4523 1343 4598 in
1369 4523 1525 4633 crrp'ora·
1540 4539 1643 4622 tota,
1705 4569 1711 4579 =

167 4647 173 4654 '
264 4657 377 4715 erunt
405 4658 449 4714 nr
482 4638 714 4714 aenomaus
745 4637 1009 4723 occeletotrt'tet
1035 4631 1393 4750 corpuscnltrilin.I'tc
1416 4639 1548 4722 ‘eorum
1562 4645 1647 4756 pai·

179 4795 225 4820 =·
302 4753 406 4842 Tum.
438 4749 525 4835 III.
588 4751 679 4834 Pars
713 4751 773 4839 II.
1068 4760 1275 4841 Vvvv
1548 4763 1646 4836 tien.

1563 4073 1635 4150 50³
1758 4141 1762 4152 .
