4318 5682
280 553 291 558 -
409 509 753 600 Priuerni
811 511 1301 600 MnrnnMartcn·
1474 539 1561 627 2539

186 645 298 735 Coros.
358 651 464 734 Cum
507 661 562 736 vis
602 651 815 764 centrisuga
853 660 1019 766 partium
1058 678 1167 737 terrae
1207 655 1228 736 l
1274 647 1414 736 diurno
1454 677 1563 742 terra
1603 663 1734 722 ΠΝ*

26 781 29 790 “
127 795 241 854 motu
263 768 451 872 oriunda,
483 803 566 882 quae
593 777 645 855 esi
674 769 724 854 ad
745 781 823 853 vim
848 781 1042 884 gravitatis
1070 793 1114 854 ut
1154 799 1172 855 t
1206 766 1255 853 ad
1279 783 1387 871 289,
1421 777 1563 861 efficiat
1583 743 1734 874 {pappos

128 913 174 971 ut
205 885 368 972 altitudo
401 920 508 1002 aquae
532 890 598 974 sub
620 915 813 1002 aequatore
832 891 980 1002 superet
1007 894 1086 995 ejus
1102 886 1352 976 ‚altitudinem
1379 893 1445 977 sub
1465 900 1563 1006 polis
1584 885 1732 949 xxm·

130 1008 305 1090 mensuri
337 1007 479 1119 pedum
507 1007 753 1120 Parifieufium
783 1022 954 1114 85472‚
987 1034 1028 1091 ut
1053 1007 1160 1120 supra
1181 1018 1219 1091 in
1240 1037 1351 1120 prop.
1380 1041 1474 1102 xrxr
1507 1021 1562 1094 vis
1584 971 1728 1104 lilia

129 1125 259 1210 solaris
297 1121 347 1210 de
378 1130 453 1240 qui
489 1138 665 1243 egimus,
714 1156 805 1212 cum
843 1133 887 1211 srt
923 1124 971 1209 ad
1009 1137 1088 1211 vinr
1123 1135 1318 1238 gravitatis
1355 1154 1399 1226 ut
1443 1161 1474 1215 1.
1514 1127 1563 1214 ad

139 1259 387 1343 12868200,
437 1270 553 1360 atque
587 1245 679 1332 ideo
712 1245 761 1332 ad
800 1256 878 1330 vim
907 1251 1011 1330 illam
1047 1245 1301 1358 centrifugam
1331 1272 1373 1332 ut
1401 1261 1479 1344 289
1513 1245 1562 1332 ad

138 1375 360 1452 12868200
392 1365 457 1447 seu
493 1401 505 1448 r
546 1363 596 1450 ad
628 1396 800 1472 44527‚
841 1365 917 1464 (b)
944 1367 1087 1449 efficiet
1116 1387 1158 1446 ut
1186 1361 1352 1448 altitudo
1385 1397 1496 1478 aquae
1523 1374 1562 1450 in

133 1481 351 1592 regionibus
379 1483 444 1566 sub
479 1485 556 1570 sole
586 1500 627 1570 dc
657 1487 722 1568 soli
753 1487 935 1596 oppofiris
965 1483 1113 1596 superet
1143 1479 1388 1566 altitudinem
1417 1490 1496 1592 ejus
1524 1493 1563 1569 in
1651 1563 1655 1570 .

132 1604 253 1699 locis,
295 1632 380 1712 quae
411 1632 463 1696 90
496 1601 674 1718 gradibus
703 1600 843 1687 distant
868 1601 888 1686 a
916 1605 1015 1700 mle,
1060 1598 1234 1686 mensuri
1267 1607 1419 1686 tantum
1456 1599 1563 1716 pedis

129 1729 241 1802 unius
269 1715 467 1828 Parisenfis
495 1719 775 1835 &digitorum
813 1715 995 1806 undecim
1022 1749 1114 1804 eum
1144 1723 1336 1805 tricesimi
1367 1747 1476 1836 parte
1506 1719 1564 1804 di.

129 1847 239 2038 giti.d
273 1843 335 1924 Est
366 1847 472 1924 enim
511 1845 597 1926 haec
633 1842 806 1926 mensura
842 1836 892 1926 ad
920 1841 1135 1924 mensuram
1164 1837 1309 1952 pedum
1348 1852 1489 1946 85472
1522 1861 1565 1924 ut

135 1984 151 2042 ι
191 1990 212 2040 a
268 1987 423 2066 44527.

188 2197 609 2287 PROPOSITIO
639 2203 874 2289 XXXVII.
936 2187 1492 2320 PROBLEMA‘xvffl.

404 2435 579 2520 invenire
612 2442 694 2520 vien
720 2436 819 2523 lune
844 2433 898 2520 nd
923 2465 1024 2522 mare
1049 2433 1286 2522 movendum.

192 2686 208 2774 (
221 2675 267 2771 ‘l
299 2681 368 2763 Vis
392 2683 489 2764 lunae
516 2673 568 2761 acl
590 2707 695 2762 mare
717 2675 960 2765 movendum
984 2671 1206 2790 colligenda
1227 2681 1279 2762 est
1304 2705 1352 2761 ex
1375 2678 1454 2783 ejus
1475 2699 1564 2793 pro·

10 2811 11 2814 ‘
125 2805 310 2906 portione
340 2795 389 2881 ad
413 2809 492 2881 vim
519 2795 626 2896 solis,
669 2809 710 2881 dc
741 2803 824 2882 hac
849 2807 1050 2912 proportio
1079 2794 1296 2908 colligenda
1320 2801 1372 2879 eli
1397 2826 1445 2881 ex
1472 2827 1559 2908 pro-

126 2923 309 3022 portione
344 2944 526 3002 motuum
569 2925 711 3015 maris,
759 2926 825 3025 qui
861 2917 909 2999 ab
947 2919 1003 3000 his
1032 2913 1174 2998 viribus
1203 2922 1393 2998 oriuntur.
1456 2923 1563 3000 Anto

127 3037 265 3116 ollium
290 3037 394 3121 fluvii
422 3035 572 3114 Avonae
600 3029 649 3116 ad
678 3031 849 3147 lapidem
881 3043 1042 3118 tertium
1069 3031 1165 3118 infra
1191 3025 1425 3144 Brissosr'utn,
1455 3057 1561 3116 tem·

129 3177 223 3262 pore
247 3183 366 3237 verno
389 3168 429 3241 dc
459 3161 669 3238 autumnali
700 3181 804 3238 torus
829 3184 938 3266 aquae
965 3151 1131 3252 ascensus
1154 3159 1198 3237 in
1225 3153 1497 3259 conjundiione
1519 3165 1562 3238 dc

124 3271 368 3380 oppositione
392 3278 661 3374 luminarium,
688 3274 914 3356 observante
936 3271 1104 3353 Samuele
1130 3273 1303 3369 Sturmio,
1334 3275 1386 3354 est
1417 3268 1561 3380 pedum

126 3392 212 3498 plus
253 3400 379 3476 minus
416 3421 499 3497 45,
545 3400 590 3475 -in
625 3389 863 3506 quadraturis
893 3415 1022 3476 autem
1051 3397 1103 3478 est
1137 3386 1280 3504 pedum
1308 3413 1458 3474 tantum
1492 3415 1560 3494 25,

41 3569 43 3573 -
126 3505 306 3592 Altitudo
335 3519 438 3624 prior
472 3542 520 3595 ex
549 3512 696 3597 summa
722 3519 893 3612 uirium,
934 3515 1118 3627 posterior
1140 3541 1193 3596 cx
1219 3505 1429 3594 earundem
1452 3501 1560 3600 drffe,

1474 3651 1560 3720 ren.

165 3885 230 3962 (b)
268 3882 412 3973 *Efficite
429 3899 460 3941 ue
477 3883 591 3946 aluredo
607 3903 692 3966 aque.
732 3885 818 3962 Quo·
867 3888 946 3950 ersus
968 3887 1007 3949 eil
1025 3885 1112 3967 longi
1129 3885 1276 3954 diversor,
1293 3880 1402 3964 primur
1419 3877 1558 3960 liquidem
1686 3917 1699 3941 .

81 3971 85 3978 “
120 3959 204 4021 eriam
223 3981 258 4024 ex
279 3965 362 4022 varin
391 3957 580 4039 pendulorum
608 3963 817 4025 observationi·
869 3966 975 4042 pendet
1003 3969 1020 4026 i
1044 3963 1214 4044 quadraruri
1243 3957 1365 4028 circuti,
1395 3960 1469 4017 alter
1490 3955 1558 4017 verb

120 4040 178 4099 bur
204 4043 231 4098 dr
260 4059 296 4097 nu
318 4034 421 4100 errimd
440 4031 574 4097 institutit
601 4039 702 4118 gradio
728 4039 816 4100 meri·
868 4040 991 4102 refertur
1015 4043 1049 4104 ad
1078 4040 1279 4121 quadraturam
1307 4033 1474 4114 hyperbolae
1501 4035 1558 4107 (ut

125 4111 203 4202 diarii
226 4057 363 4176 mensuris
386 4114 436 4174 sub
456 4111 568 4174 circulo
595 4116 710 4192 polari,
743 4135 817 4178 terra
869 4136 1002 4195 paterere
1025 4137 1086 4178 eor.
1111 4135 1303 4196 2.prop.9o.
1325 4112 1377 4171 lib.
1399 4129 1424 4201 ¹:
1447 4113 1558 4168 &oon

122 4191 216 4250 altior
238 4190 276 4250 ell
298 4196 347 4254 sub
363 4207 509 4269 aquatore
526 4211 610 4268 quant
633 4211 668 4251 ex
689 4191 816 4254 Titeorid
872 4207 935 4254 too.
960 4195 1012 4254 lib.
1031 4192 1147 4272 hujus).
1186 4193 1239 4252 Sed
1257 4208 1343 4268 quam
1362 4204 1458 4272 parum
1480 4185 1561 4242 dre·

124 4265 325 4329 Newtoniand
345 4267 452 4347 prodiit
470 4269 573 4346 (prop.
591 4287 634 4337 ¹9·
648 4268 698 4328 lib.
712 4267 816 4347 hujus)
869 4271 954 4330 ritate
983 4269 1126 4346 discrepet
1154 4268 1272 4345 praesens
1296 4263 1562 4344 corollariumnap-

119 4340 211 4421 :partib
233 4346 363 4422 augenda
381 4345 439 4406 erit
461 4344 588 4406 altitudo
608 4363 687 4421 aqu:
710 4345 740 4405 in
761 4348 820 4406 boc
869 4365 948 4424 paret
974 4365 1007 4406 et
1032 4361 1171 4421 computo
1199 4343 1275 4404 inito
1300 4339 1331 4400 in
1351 4335 1562 4398 Differtttrone

120 4419 288 4500 corollario
309 4421 434 4483 delinita.
478 4420 699 4484 Observandum
723 4440 818 4483 autem
868 4421 982 4482 Clariis.
1010 4419 1186 4481 Macclaurin
1209 4438 1289 4498 prop.
1316 4433 1342 4489 5.

120 4497 168 4555 =est
189 4497 375 4557 corollarium
396 4497 617 4578 illudrigorose'
640 4515 736 4558 rerum
759 4517 819 4557 non
908 4499 977 4577 (c)
1014 4497 1036 4546 *
1069 4503 1115 4558 Vis
1135 4504 1212 4555 Lutra
1232 4497 1267 4554 ad
1290 4499 1369 4553 Mare
1390 4487 1565 4575 movendum*

120 4571 210 4642 esset
230 4571 394 4636 Newrortut
416 4573 493 4636 eninr
515 4595 549 4636 ex
570 4574 733 4635 differentid
756 4575 819 4634 dia·
870 4576 941 4638 vii.
967 4593 1030 4654 cap.
1061 4587 1091 4636 6.
1120 4592 1196 4632 nutn.
1221 4591 1267 4632 ro.
1295 4566 1327 4628 in
1355 4565 1566 4654 Differt‘arrone

122 4649 215 4709 merri
233 4649 430 4730 equituris&
455 4650 515 4710 aris
537 4654 617 4712 teriae
637 4669 695 4728 per
715 4649 822 4730 nnpti-
872 4651 984 4713 Clariis.
1009 4649 1168 4712 Betooullii
1189 4652 1215 4708 &
1234 4665 1314 4726 prop.
1328 4667 1357 4722 9.
1377 4641 1409 4710 ln
1425 4639 1565 4707 uiuoru-

123 4743 195 4784 cem
215 4727 435 4805 proportionem
452 4727 567 4805 colligit
585 4725 767 4789 altitudinem
790 4747 824 4787 a-
874 4727 957 4795 tione
980 4725 1095 4794 Clariis.
1120 4721 1318 4789 Macelaurini.

123 4819 194 4879 que
209 4821 249 4864 ex
263 4803 292 4868 ri
309 4803 382 4878 Selii
404 4801 574 4880 oriundtrnt
593 4819 713 4884 uterque
727 4821 824 4886 tamen
1165 4883 1196 4948 Α

1215 4893 1308 4940 aaa
1344 4895 1364 4936 e.
