4354 5678
329 485 573 570 usuros
625 497 690 566 rc
738 487 1040 567 serretur
1094 475 1340 562 Mt'nts‘
1467 505 1554 590 353?

118 611 187 692 nits'
206 614 288 690 verti
315 619 357 698 ad
382 641 522 690 ventum
544 618 601 689 hic
621 611 836 710 respicimus,
871 639 940 710 quo
962 611 1055 686 arslus
1081 611 1187 687 Maris
1212 615 1291 686 cltm
1313 609 1443 685 rarione
1470 636 1544 686 me·-
1566 623 1567 628 ’

119 719 406 815 gnirudinis,rltm
426 719 585 814 temporis
604 719 785 814 plurimum
812 715 896 787 affici
915 714 1110 787 observatur
1127 743 1139 796 3
1165 715 1221 787 sed
1244 713 1378 787 tantitm
1398 712 1547 804 ejusmo-

120 821 157 890 di
178 823 398 915 phaenomena
420 819 587 913 explicare
605 817 662 889 hic
681 817 902 906 conabimur,
935 839 1011 912 quae
1028 818 1220 890 memoratis
1241 815 1545 914 perturbationibus
1587 875 1595 890 .

120 919 261 991 minime
290 915 352 988 stnt
372 921 527 988 obnoxia.
1086 941 1089 948 ·
1407 907 1414 924 ”

171 1021 202 1111 §.
238 1043 321 1095 too.
367 1016 476 1104 Quod
493 1019 597 1112 igitur
617 1015 662 1090 'ad
686 1022 828 1116 primam
850 1009 980 1090 classem
1001 1017 1137 1099 attinet,
1171 1013 1377 1114 precipuum
1400 1009 1545 1088 Phaeno·

121 1143 260 1191 menum
295 1121 330 1188 in
354 1121 420 1188 hoc
452 1113 620 1204 conststit,
655 1122 751 1214 qudd
777 1123 903 1210 ubique
929 1120 965 1186 in
997 1113 1193 1210 amplisfimo
1219 1117 1361 1189 Oceano
1390 1117 1547 1212 quotidie

122 1222 195 1290 bini
222 1217 328 1290 Maris
351 1217 482 1290 Fluxus
504 1218 561 1288 seu
578 1219 791 1300 elevationes,
816 1219 955 1310 binique
973 1211 1141 1286 Refluxus
1158 1215 1215 1288 seu
1243 1213 1462 1312 depressiones
1485 1222 1547 1291 ob-

121 1321 307 1402 serventur,
333 1341 434 1412 arque
455 1343 586 1413 tempus
602 1321 689 1390 inter
711 1321 808 1390 binos
833 1313 962 1388 Fluxus
988 1313 1181 1386 succeffivos
1199 1318 1329 1388 circiter
1348 1339 1405 1390 12.
1419 1319 1454 1389 h.
1468 1320 1545 1417 24¹.

122 1422 402 1517 deprehendatur.
456 1419 551 1490 Huic
571 1419 656 1488 verb
679 1417 929 1498 Phaenomeno‚
955 1410 1060 1488 fiulli
1084 1415 1167 1503 alii,
1203 1439 1261 1510 pet
1286 1419 1450 1490 theoriam
1468 1417 1547 1491 nos-

122 1543 209 1592 tram
230 1513 411 1616 plenillitnb
426 1515 472 1590 est
491 1515 716 1606 satisfactum,
752 1521 811 1592 ubi
834 1514 1040 1588 ostendimus
1061 1518 1242 1587 maximam
1265 1539 1359 1611 aquae
1384 1518 1547 1590 elevatio·

123 1645 203 1693 nem
230 1622 344 1692 deberi
370 1614 521 1690 transitui
546 1617 653 1690 Lunae
679 1643 737 1714 per
759 1618 983 1689 meridianum
1004 1639 1071 1686 tam
1101 1615 1197 1714 supra
1224 1616 1327 1711 qu'arn
1350 1616 1436 1688 insta
1457 1616 1548 1692 Ter·

122 1745 222 1792 ram:
249 1745 291 1793 ex
314 1744 382 1815 quo
405 1723 483 1788 cirm
508 1717 606 1790 Luna
627 1719 695 1789 und
712 1715 924 1792 revolutione
950 1715 1071 1787 diurnd
1091 1717 1199 1788 bised
1220 1711 1368 1806 ejusdem
1393 1715 1458 1790 loci
1478 1742 1549 1794 me-

123 1823 292 1893 ridianum
311 1819 453 1915 appellat
478 1817 655 1890 intervallo
672 1819 840 1915 ‚temporis
863 1815 993 1888 circiter
1018 1840 1076 1890 12.
1098 1814 1180 1898 hor,¹
1196 1817 1279 1916 24¹,
1304 1813 1481 1910 necessarid
1501 1819 1550 1894 se-

125 1924 242 2016 quitur
265 1923 332 1991 und
353 1919 565 1991 revolutione
586 1917 693 1990 Lunae
712 1922 804 1990 circa¹
818 1914 961 1990 Terram
978 1917 1075 1988 binos
1093 1915 1224 1988 Fluxtts
1246 1939 1340 1988 tanto
1358 1939 1508 2018 tempore
1529 1921 1550 1996 ὲ

124 2020 158 2095 se
184 2022 331 2094 invicem
356 2016 480 2091 diffisos
507 2019 587 2088 oriri
610 2020 751 2101 debere,
786 2014 1075 2113 quemadmodum
1096 2019 1163 2087 hoc
1183 2015 1292 2113 ipsum
1319 2017 1460 2091 calculus
1481 2045 1550 2093 tam
1604 2103 1607 2110 ,

124 2145 189 2218 pro
211 2116 391 2220 hypothest
414 2143 509 2214 aquae
532 2119 653 2190 inertid
671 2121 840 2206 carentis,
865 2117 969 2213 quim
990 2115 1131 2188 admissd
1153 2116 1282 2199 inettid,
1308 2114 1476 2190 clarillimb
1496 2123 1551 2194 in-

124 2218 264 2295 dicavit.
317 2220 425 2294 Simul
453 2239 630 2294 autemex
657 2217 774 2292 iisdem
802 2218 1134 2291 determinationibus
1161 2216 1375 2313 intelligitur.
1392 2217 1451 2291 sub
1473 2217 1550 2317 ipfis

122 2323 213 2418 polis
238 2321 369 2392 nullum
399 2321 540 2390 omnino
564 2317 678 2390 aestum
701 2321 773 2391 dari
798 2321 980 2399 diurnum,
1018 2319 1057 2388 in
1085 2317 1280 2414 regionibus
1311 2319 1393 2390 verd
1419 2319 1440 2392 ”a
1465 2323 1555 2417 polis

105 2447 196 2494 ‚non
218 2422 334 2519 procul
364 2421 523 2501 remoris,
561 2418 621 2490 ubi
648 2419 823 2492 luminaria
849 2419 906 2491 vel
933 2443 1002 2488 non
1028 2418 1183 2493 oriuntur
1200 2419 1256 2491 vel
1280 2437 1350 2490 non
1375 2423 1555 2509 occidunt}

125 2525 282 2618 quotidie
302 2543 409 2594 unum
428 2541 558 2592 tantum
582 2519 734 2592 Fluxum
754 2521 959 2614 unicumque
974 2513 1166 2592 Refluxum
1192 2521 1387 2616 contingere
1410 2523 1531 2599 debere
1542 2515 1556 2615 ;¹

123 2649 202 2718 quae
226 2616 462 2717 consequentia
483 2623 642 2706 theoriae,
669 2617 727 2694 etst
754 2619 1041 2692 observationibus
1062 2621 1225 2714 nondum
1239 2619 1313 2693 satir
1337 2617 1384 2694 est
1402 2647 1564 2723 compro'

123 2729 224 2804 bata,
250 2745 361 2796 tamen
386 2723 466 2816 quia
489 2745 530 2793 ex
556 2719 674 2792 iisdem
703 2723 873 2816 principils
898 2717 1048 2815 sequitur
1071 2743 1146 2817 quse
1168 2717 1326 2792 institutis
1353 2723 1558 2799 observatio·

127 2827 230 2894 nibus
255 2823 472 2906 satisfaciant,
499 2820 583 2892 nulli
609 2821 752 2916 empliits
774 2821 880 2891 dubio
904 2817 1048 2914 subjecta
1072 2819 1218 2892 videtur.
1271 2818 1315 2890 In
1339 2823 1421 2894 locis
1445 2847 1558 2900 autem

127 2925 293 3018 aequatori
310 2923 545 3020 propioribus,
580 2921 702 3016 quibus
724 2921 879 3016 quotidie
900 2920 972 2990 bini
998 2916 1127 2992 Fluxus
1154 2923 1365 3016 totidemque
1389 2920 1559 3000 Refluxus

128 3026 319 3107 eveniunt,
358 3045 593 3107 momentum,
628 3037 701 3117 'quo
731 3045 817 3117 aqua
830 3015 990 3092 'maxime
1018 3021 1217 3120 deprimitur
1247 3047 1318 3092 non
1344 3022 1417 3095 satis
1440 3025 1559 3099 exacte

128 3127 285 3197 medium
309 3123 501 3214 interjacere
522 3121 716 3192 observatur
740 3123 826 3194 inter
845 3121 1020 3192 Fluxuum
1043 3145 1240 3211 momenta,
1279 3122 1335 3194 sed
1357 3147 1439 3195 mox
1464 3130 1559 3224 prio-

127 3229 161 3298 ri
185 3245 266 3295 mox
291 3217 466 3320 posteriori
502 3219 549 3292 est
575 3223 737 3316 propius,
770 3222 865 3316 quod
888 3219 1152 3294 Phaenomenum
1184 3247 1261 3294 cum
1291 3219 1401 3295 nostrl
1427 3225 1561 3300 theorid

123 3322 282 3425 apprime
307 3324 462 3415 congruit
475 3343 488 3406 3
524 3318 728 3393 ostendimus
763 3323 855 3392 enim
889 3343 1100 3393 momentum
1135 3318 1304 3394 Refluxsts
1339 3349 1408 3394 non
1441 3325 1559 3399 eand

126 3425 280 3523 tempori
302 3423 417 3494 medio
442 3423 528 3494 inter
551 3418 682 3493 Fluxus
705 3419 928 3518 respondere,
955 3417 1016 3492 nist
1031 3420 1092 3493 vel
1114 3422 1206 3494 locus
1217 3418 1300 3493 xsuus
1315 3417 1355 3492 stt
1376 3422 1436 3496 sub
1448 3449 1561 3522 equa·-

126 3551 208 3599 rore
221 3575 232 3610 ,
258 3521 315 3594 vel
340 3521 447 3593 Lunae
466 3521 646 3594 declinatio
671 3522 773 3596 fuerit
796 3523 907 3610 nulle,
941 3520 998 3596 sed
1016 3521 1121 3593 modd
1144 3524 1248 3618 priori
1267 3523 1372 3594 modd
1396 3521 1560 3622 posterio-

123 3631 160 3701 ri
192 3625 320 3701 Fluxui
346 3616 411 3694 else
437 3623 586 3719 propius.
1315 3717 1317 3722 ,

186 3719 219 3821 ς.
251 3747 335 3801 rot.
388 3723 584 3797 Secundum
604 3724 867 3801 Phaenomenum
887 3729 954 3796 huc
974 3725 1071 3805 redit,
1097 3745 1136 3797 ut
1156 3726 1279 3823 ubique
1302 3723 1455 3802 locorum
1472 3728 1561 3805 Flu·-

126 3850 201 3904 rtus
224 3819 496 3923 posttranstrum
517 3823 624 3897 Lunae
646 3852 704 3924 pet
727 3829 951 3901 meridianum
980 3821 1343 3916 venite‘obsetvetur,
1368 3819 1473 3928 idque
1497 3834 1562 3904 ali'·

127 3949 225 4025 quot
246 3929 404 4000 horarum
427 3922 560 4018 spatio,
592 3930 630 3998 in
655 3931 816 4022 portubus
836 3928 952 3999 versus
977 3949 1128 4019 apertum
1160 3927 1337 4000 Oceanum
1359 3934 1560 4027 patentibus·

127 4027 232 4102 Nam
256 4031 292 4098 in
315 4025 508 4122 regionibus
525 4049 602 4120 quae
626 4050 704 4098 cum
729 4029 869 4101 Oceano
895 4053 963 4098 non
984 4025 1154 4099 liberrime
1177 4031 1477 4120 communicantur,
1503 4023 1562 4104 sed

124 4133 183 4204 ad
212 4151 293 4224 quas
320 4149 406 4221 aqua
427 4126 521 4218 juxta
544 4126 656 4198 littora
675 4127 798 4199 deserti
821 4129 921 4200 debet
937 4179 952 4212 „
987 4125 1095 4196 multo
1117 4129 1243 4198 tardius
1272 4125 1365 4203 aestus
1396 4127 1564 4220 rd'venit,

127 4255 217 4328 quae
239 4228 416 4301 retardatio
437 4221 462 4304 st
484 4225 554 4298 serb
575 4230 620 4299 ad
648 4251 694 4300 12
718 4230 815 4297 horas
841 4225 1011 4310 ascendit,
1048 4228 1083 4294 in
1108 4225 1203 4298 causa
1224 4223 1288 4300 esse
1309 4228 1415 4312 soler,
1441 4253 1479 4301 ur
1497 4233 1564 4302 hu-

114 4353 118 4368 ²
124 4329 286 4427 jusmodi
311 4328 347 4398 in
369 4327 450 4398 locis
473 4325 605 4398 Fluxus
630 4351 707 4402 ante
727 4323 898 4399 transtrum
919 4326 1027 4396 Lunae
1050 4351 1109 4420 per
1129 4331 1353 4400 meridianum
1368 4331 1484 4402 venire
1506 4329 1561 4402 vl-

122 4436 267 4507 deatur.
321 4425 375 4498 Ite
404 4429 448 4499 ad
466 4425 606 4500 Portum
629 4430 755 4501 Gratiae
776 4429 886 4500 rideri
911 4422 1017 4524 posset
1038 4424 1169 4497 Fluxus
1198 4454 1214 4523 3
1244 4430 1336 4500 horis
1358 4427 1466 4524 Lunae
1489 4429 1563 4504 cul-

122 4532 360 4606 minationem
376 4530 596 4616 antecedere,
629 4530 707 4601 citm
730 4551 862 4612 tamen,
896 4551 932 4598 te
954 4527 1039 4599 bene
1059 4524 1279 4609 considerati,
1315 4528 1566 4625 it-praecedenre

118 4628 379 4710 culminatione
398 4631 544 4714 oriatur,
570 4653 671 4726 atque
696 4631 781 4702 adeo
802 4653 876 4702 eam
897 4654 922 4726 9
942 4627 1012 4698 sere
1038 4628 1131 4698 horis
1154 4631 1292 4699 demum
1313 4627 1487 4723 sequatur,
1513 4631 1566 4703 uti

114 4729 311 4837 apparebit
330 4722 355 4808 ll
371 4725 510 4830 aelluum
527 4753 698 4808 momenta
709 4781 723 4830 ,
749 4755 824 4832 quar
844 4724 1020 4900 succepfivb
1039 4730 1082 4800 ad
1103 4727 1222 4812 littotae
1236 4727 1411 4808 britannia
1424 4729 1568 4904 minorgp

250 4879 254 4890 “
925 4905 931 4919 ·
987 4854 1090 4936 lsi
1552 4909 1563 4918 a·
