4354 5678
197 486 244 532 ·-
379 497 598 584 taurus
647 497 1062 584 reuersurus
1114 499 1342 602 natata,
1437 517 1555 616 ³355

161 631 197 730 9
227 651 312 729 103·
365 631 540 720 Quartum
567 631 820 705 Phanomenon
844 627 1021 705 uarietates
1050 627 1245 709 menstruas,
1266 627 1427 734 respicit,
1452 659 1557 732 arque

110 731 261 810 ostendit
279 727 396 817 aestus,
433 737 492 831 qui
518 737 604 806 circa
624 733 809 831 plenilunio
833 731 873 805 δι
903 735 1079 806 novilunia
1102 736 1304 830 contingunt
1315 783 1328 823 ,
1363 736 1452 810 inter
1471 737 1555 811 reli·

18 823 25 902 ἰ
115 859 207 932 quos
234 831 384 930 ejusdem
404 830 524 907 mensu
546 826 611 907 esse
633 834 824 922 maximos,
863 831 958 906 aestus
979 833 1063 906 vercl
1092 835 1179 906 circa
1203 837 1422 930 quadraturas
1446 835 1552 912 lurni·-

116 938 253 1009 narium
277 936 436 1008 minimos
448 958 461 1022 3
486 957 561 1030 quae
587 935 793 1030 inaequalitas
819 957 896 1007 cum
915 937 1048 1007 theoria
1077 931 1188 1006 nostri
1219 937 1263 1007 ad
1293 932 1445 1009 amullim
1469 961 1556 1033 qua·

113 1037 203 1110 drat·
257 1033 351 1107 Clam
374 1027 466 1108 enirn
486 1031 580 1108 aestus
603 1033 797 1107 Marianon
819 1033 925 1108 solum
944 1037 987 1107 ab
1007 1035 1048 1108 ei
1069 1035 1131 1122 vi,
1164 1055 1241 1130 quae
1264 1038 1387 1108 vortici
1414 1035 1552 1113 Lunam

116 1137 281 1210 ambienti
305 1136 492 1234 comperit,
520 1137 659 1222 oriatur,
685 1135 742 1207 sed
756 1139 858 1208 etiam
872 1136 892 1207 i
905 1138 942 1207 vi
964 1135 1079 1210 Solem
1105 1134 1274 1231 speslante
1292 1138 1451 1231 pendeat,
1474 1137 1567 1234 qua'
1681 1149 1682 1156 ’

115 1238 238 1312 ceteris
261 1239 395 1334 paribus
418 1236 547 1309 circiter
570 1235 761 1331 quadruplo
781 1237 894 1308 minor
916 1231 964 1307 est
985 1238 1020 1308 vi
1043 1235 1166 1322 Lunae,
1190 1233 1402 1310 manifestum
1422 1233 1472 1310 est
1494 1239 1553 1312 as·

116 1357 196 1410 rum
217 1335 325 1409 Maris
347 1339 534 1408 maximum
555 1331 619 1410 'else
637 1337 783 1420 debere,
809 1331 834 1406 sr
852 1339 957 1408 ambae
978 1337 1068 1408 vires
1094 1337 1182 1409 inter
1206 1336 1240 1410 se
1260 1336 1476 1434 conspirent,
1501 1363 1554 1413 ar·

118 1461 191 1536 qua
219 1457 341 1533 aquam
360 1433 458 1509 sunul
480 1437 536 1508 vel
568 1437 702 1510 elevent
723 1437 779 1508 vel
800 1438 1016 1532 deprimant,
1049 1437 1088 1509 id
1106 1438 1202 1532 quod
1231 1438 1382 1513 acc-idere
1405 1431 1555 1516 ostendi·

116 1548 197 1611 mus
225 1535 299 1610 ‘tam
329 1531 527 1636 pleniluniis
547 1535 652 1633 quim
673 1532 882 1610 noviluniis.
935 1536 1073 1610 Deinde
1106 1533 1204 1610 suuili
1227 1537 1332 1609 modo
1343 1586 1356 1625 ,
1390 1541 1553 1634 quoniam

117 1635 190 1712 ista
209 1639 298 1711 vires
321 1637 409 1710 inter
430 1634 463 1712 se
488 1635 634 1708 maximi
655 1636 843 1734 discrepant
861 1636 898 1709 in
924 1637 1160 1734 quadraturis,
1195 1636 1320 1734 quibus
1342 1641 1553 1735 temporibus

116 1743 204 1812 dum
226 1737 352 1836 aquai
374 1737 475 1811 Luni
491 1735 638 1810 maximi
660 1737 834 1822 elevatur,
858 1732 955 1808 srmul
975 1736 996 1811 ὲ
1017 1739 1097 1812 Sole
1124 1737 1273 1811 maximi
1296 1739 1499 1837 deprimitur
1514 1763 1555 1818 aa

116 1833 283 1928 vicilsun,
309 1837 524 1936 perspicuum
544 1834 592 1910 est
612 1837 731 1910 iisdem
753 1839 960 1936 temporibus
983 1833 1097 1911 aestum
1126 1839 1307 1910 minimum
1333 1831 1400 1912 ell'e
1419 1840 1553 1917 debere.

44 1989 65 2013 s
115 1937 283 2014 Praeterea
306 1938 390 2012 vertl
409 1937 519 2036 ipsum
543 1933 721 2012 discrimen
745 1961 827 2011 cum
847 1941 978 2011 theoria
998 1936 1116 2012 exasll
1137 1939 1323 2026 convenit;
1346 1940 1384 2011 in
1401 1940 1555 2036 pluribus

116 2041 214 2116 enim
235 2044 400 2138 portubus
420 2033 514 2112 aestus
534 2040 699 2111 maximos
720 2041 760 2112 δι
786 2040 945 2136 minimos
969 2041 1012 2112 ad
1036 2039 1200 2112 calculum
1218 2041 1479 2129 revocavimus,
1503 2065 1554 2115 ar·
1637 2069 1640 2077 ’

116 2163 190 2238 que
211 2165 255 2216 ex
279 2141 444 2215 relatione
470 2161 590 2218 eorum
616 2138 812 2212 relationem
832 2140 1032 2214 interviret
1055 2138 1165 2213 Lunae
1191 2163 1230 2212 ac
1252 2137 1343 2213 Solis
1374 2135 1555 2238 investiga·

117 2243 248 2330 vimus3
274 2242 422 2337 hincque
447 2241 611 2338 perpetu&
638 2237 781 2313 eandem
803 2233 1064 2315 feritationem
1083 2242 1172 2314 inter
1192 2241 1282 2313 vires
1305 2239 1394 2313 Solis
1417 2263 1456 2312 ac
1474 2240 1552 2318 Lu·

118 2366 174 2414 nar
196 2339 361 2416 absolutas
388 2339 591 2427 elicuimus,
626 2339 917 2438 quemadmodum
944 2341 982 2415 icl
1005 2339 1086 2416 fecit
1110 2337 1304 2416 Newtonus
1329 2365 1373 2413 ex
1395 2340 1553 2419 observa·

117 2443 272 2516 tionibus
298 2437 446 2514 Bristolii
480 2444 520 2514 dc
554 2441 776 2538 Plymouthi,
808 2464 871 2512 nos
893 2439 978 2514 eard
1008 2445 1046 2514 in
1077 2439 1184 2514 Portu
1213 2439 1342 2512 Gratiae
1370 2435 1554 2530 iustioris,

118 2533 391 2616 conclusionibus
411 2538 555 2614 mirifici
580 2543 668 2615 inter
691 2537 1006 2638 secongruentibus
1020 2566 1030 2614 ε
1046 2543 1164 2715 ¹qualis
1194 2540 1372 2614 consensus
1395 2539 1552 2637 profesld

118 2639 294 2740 expedisti
317 2667 388 2714 non
407 2637 540 2740 posset,
572 2637 597 2712 sr
625 2643 756 2715 theoria
777 2643 912 2715 veritati
934 2667 1005 2716 non
1026 2669 1046 2716 e
1071 2667 1107 2716 et
1129 2641 1358 2715 consentanea.
1424 2641 1553 2742 Neque
1629 2735 1634 2743 1
1683 2691 1684 2696 1

119 2745 227 2816 etiam
245 2743 318 2815 aliae
343 2745 482 2816 theoriae
500 2743 611 2816 adhuc
631 2741 829 2840 producta,
857 2743 1044 2838 cujusmodi
1066 2743 1141 2816 sunt
1163 2742 1311 2829 Galilaei,
1334 2737 1475 2817 Wallisri
1498 2767 1552 2816 at·

119 2867 192 2938 que
213 2839 378 2927 Cartelii,
403 2845 464 2940 qui
487 2841 616 2915 causam
632 2845 669 2939 in
694 2839 856 2940 pressione
870 2845 987 2916 'Lunae
1006 2843 1207 2931 collocavit,
1232 2843 1314 2916 huic
1326 2843 1554 2938 phaenomena

117 2941 273 3040 perferre
295 2941 522 3031 satisfaciunt,
548 2941 604 3016 sed
624 2943 737 3038 potius
759 2943 895 3040 prorslu
918 2967 1127 3018 evertuntur.
1541 2948 1546 2958 '

175 3044 223 3139 §.k
240 3067 325 3144 104.
377 3044 551 3132 Quintum
574 3043 826 3116 Phaenomenon
842 3046 878 3116 in
895 3047 963 3118 hoc
981 3039 1155 3134 cousrslar,
1193 3043 1290 3142 qurlcl
1311 3044 1411 3118 unius
1430 3039 1555 3120 mensis

117 3144 303 3218 intervallo
328 3146 467 3215 maximi
490 3140 588 3226 paeslus
608 3165 679 3212 non
706 3139 770 3214 sant
790 3145 836 3226 ii,
862 3147 922 3238 qui
938 3147 1112 3217 novilunia
1132 3137 1171 3217 ac
1192 3145 1378 3240 plenilunia
1396 3143 1555 3242 proximi

117 3243 346 3340 insequuntur
357 3273 370 3331 ς
396 3234 453 3315 sed
479 3243 653 3337 sequentes
674 3244 764 3314 tertii
790 3242 913 3317 scilieet
936 3246 1066 3318 circiter
1088 3245 1143 3315 vel
1159 3247 1286 3340 quarti,
1313 3240 1480 3342 srmilique
1499 3248 1566 3326 ins
1643 3250 1647 3261 '

116 3345 264 3419 tervallo
282 3343 378 3416 aestus
398 3344 531 3416 minimi
551 3345 690 3416 demum
703 3337 776 3439 posi
799 3346 1014 3438 quadraturas
1036 3347 1248 3439 contingunt
1302 3343 1419 3438 Hujus
1438 3361 1555 3418 autem
1666 3419 1672 3430 ,

116 3443 342 3519 Phaenomeni
366 3445 451 3516 ratio
475 3443 511 3516 in
532 3444 564 3536 §s
584 3467 649 3542 97.
667 3439 774 3515 -susriu
798 3440 845 3516 est
867 3440 1032 3544 exposita,
1057 3445 1116 3536 ubi
1135 3440 1360 3524 ostendimus..
1386 3447 1464 3544 clun
1490 3439 1552 3529 εἴ·

116 3564 177 3620 ’ωε
200 3567 278 3618 ante
295 3543 460 3644 'syzygias
478 3545 665 3619 incidentes
683 3539 787 3618 essent
810 3547 972 3630 minores,
997 3547 1181 3618 maximam
1198 3547 1272 3616 vim
1293 3543 1313 3617 'a
1329 3543 1461 3621 Sole&
1478 3544 1553 3618 Lu·
1600 3626 1607 3634 ,

119 3647 171 3719 nd
190 3657 299 3716 ortam
322 3669 391 3716 non
412 3644 521 3717 subitrl
543 3641 657 3719 testum
678 3647 865 3718 maximum
886 3647 1071 3743 producere
1091 3645 1215 3733 valere,
1241 3642 1298 3718 sed
1317 3647 1448 3722 tantiam
1470 3642 1553 3718 Mae

116 3769 159 3820 re
182 3749 324 3819 adeum
336 3741 457 3818 statum
472 3744 643 3821 solicitare.
695 3743 789 3818 Clam
805 3748 910 3843 igitur
929 3742 1002 3846 post
1022 3746 1182 3844 syzygias
1201 3745 1255 3816 vis
1274 3743 1390 3819 allum
1404 3746 1555 3821 efficiens

118 3843 319 3922 senfibilirer
349 3871 419 3918 non
439 3846 627 3930 decrescat,
664 3843 758 3919 ailus
790 3852 974 3921 etiamnum
991 3845 1069 3946 post
1094 3849 1160 3917 hot
1173 3909 1175 3912 .
1189 3869 1322 3944 tempus
1347 3851 1557 3934 incrementa

116 3951 255 4045 capiet,
280 3953 382 4044 atque
402 3947 481 4020 ideo
502 3949 641 4020 demum
662 3943 737 4044 poll
754 3947 914 4047 syzygias
934 3945 994 4056 fier
1012 3947 1179 4018 maximus
1191 3969 1204 4034 ;
1228 3942 1408 4042 similisque
1429 3943 1476 4022 est
1501 3971 1554 4018 ra·

117 4053 178 4124 tio
200 4050 432 4121 diminutionis
454 4045 614 4133 aestuum,
638 4071 715 4142 quae
741 4051 924 4121 etiamnum
946 4044 1017 4144 poll
1040 4051 1255 4144 quadraturae
1274 4046 1553 4146 contingerede-

113 4155 184 4228 b‘er
195 4200 206 4237 ,
232 4151 277 4221 ita
294 4173 333 4222 ut
360 4145 454 4222 allus
471 4149 606 4220 minimi
627 4149 765 4220 demum
785 4147 859 4246 post
881 4153 1097 4246 quadraturas
1121 4149 1310 4220 eveniant*
1341 4143 1556 4240 Huiusmodi
1643 4201 1645 4204 -

115 4273 240 4324 autern
264 4252 502 4323 retardationes
526 4243 710 4322 effectuum
725 4246 744 4321 i
757 4252 886 4321 viribus
908 4251 944 4320 in
965 4251 1095 4320 mundo
1117 4243 1332 4321 existentibus
1349 4247 1555 4344 provenien&

72 4419 100 4452 ⁶
114 4352 214 4424 tium
237 4352 389 4446 quotidie
411 4348 545 4422 abundi
566 4351 779 4448 experimur:
807 4353 853 4422 ob
872 4345 1013 4422 fimilem
1032 4350 1124 4420 enim
1141 4349 1304 4419 rationem
1328 4343 1464 4444 singulis
1481 4339 1555 4418 dle»

115 4456 192 4527 bus
214 4453 399 4522 maximum
420 4451 564 4522 calorem
588 4464 660 4522 bon
677 4450 714 4522 in
735 4449 806 4546 ipso
828 4451 969 4524 meridie
991 4447 1162 4534 sentimus,
1189 4443 1313 4519 etiamst
1339 4451 1405 4520 hoc
1424 4471 1556 4545 tempo·

116 4577 164 4626 re
184 4554 237 4622 vis
259 4551 348 4622 Solis
373 4551 563 4626 calefaciens
586 4547 657 4624 fine
679 4553 784 4622 dubio
804 4547 843 4623 srt
867 4551 1031 4636 narina,
1068 4547 1124 4620 sed
1144 4547 1282 4621 demum
1308 4550 1438 4644 aliquot
1461 4547 1559 4621 horis

113 4646 202 4754 poll
224 4651 423 4740 meridiem,
457 4675 559 4748 atque
584 4669 722 4751 propter
742 4655 885 4726 eandem
906 4651 1037 4726 causam
1061 4673 1171 4748 neque
1196 4645 1322 4723 solstitii
1346 4643 1453 4722 aestivi
1478 4673 1557 4718 rno-

109 4776 243 4830 1nento
280 4753 445 4824 maximus
477 4754 567 4824 calor
594 4777 722 4825 annuus
748 4752 916 4837 sentitur,
953 4775 1063 4848 neque
1091 4773 1242 4854 tempore
1261 4749 1391 4828 solstitii
1409 4749 1558 4846 hyberni

111 4855 231 4964 {rigua
254 4851 447 4956 saturnum2
470 4853 529 4938 secl
547 4877 731 4957 utrumque
753 4856 945 4935 notabiliter
966 4851 1107 4940 tardiltst
1404 4851 1437 4948 §-
1464 4873 1556 4948 ³05·
