4354 5678
312 434 450 516 Fntr
475 455 500 509 x
524 451 594 514 ut
645 447 696 508 nn
746 421 831 508 R'rr
858 432 1128 511 worma
1170 427 1275 510 alda
1297 449 1324 508 ι
1349 439 1420 512 ΠΙ
1513 427 1600 540 34ςῇ

149 551 285 636 luxus
308 561 610 658 {temporeinter
636 557 768 630 Fluxur
795 563 911 632 medio
926 561 1070 659 circiter
1094 563 1161 662 54'
1186 562 1376 652 abprrabit:
1399 557 1514 634 utinm
1534 583 1599 632 ve·

169 665 211 734 ro
235 666 300 736 erit
322 665 505 745 aberratio,
538 661 610 757 qud
633 659 772 758 propius
794 659 873 731 curn
888 664 985 760 regio
1009 659 1126 734 Terrae
1153 663 1228 734 tltm
1249 661 1351 734 Luna
1380 663 1424 735 ad
1447 682 1600 756 aquato·

160 785 244 834 ¹rem
265 762 463 844 versentur,
498 762 535 834 id
548 761 653 856 »quod
676 784 754 832 curn
780 761 987 856 experientis
1013 759 1154 833 mirifice
1184 763 1355 834 convenit.
1421 759 1601 849 Quonim
1704 815 1711 857 3

167 885 283 934 eutem
307 864 378 933 haec
398 887 441 934 ex
454 862 568 934 valore
588 855 688 956 ipsrus
705 887 729 961 g
744 857 884 930 allumto
908 861 1166 956 consequuntur,
1191 863 1359 958 imprimis
1378 862 1486 934 notari
1499 865 1601 956 opot-
1711 860 1714 866 ’

154 984 240 1043 ter,
278 962 421 1034 litteram
449 985 566 1061 gnon
595 955 686 1058 posse
715 959 862 1060 absolute
888 963 1132 1048 determinati,
1174 960 1230 1033 sed
1254 961 1324 1054 ejus
1352 957 1604 1056 quantitatem,
1703 969 1714 1002 '⁴

167 1063 296 1157 quippe
320 1083 395 1155 quae
421 1061 642 1134 mobilitatem
675 1063 777 1131 torius
802 1061 934 1134 Oceani
960 1060 1111 1154 spectat,
1136 1060 1215 1131 clun
1238 1065 1281 1134 ab
1305 1055 1501 1133 extensione
1524 1059 1600 1133 tirm
1709 1089 1711 1096 ·

169 1162 273 1234 etiam
294 1158 457 1258 profundi
490 1183 524 1233 te
544 1158 651 1230 Maris
673 1161 853 1256 pendere3
878 1183 923 1232 ex
941 1183 1012 1256 quo
1029 1161 1131 1232 variis
1149 1161 1187 1232 in
1206 1161 1289 1234 locis
1309 1162 1380 1234 haec
1401 1160 1522 1236 eadem
1542 1159 1600 1246 lit·⁴

167 1282 240 1335 tera
256 1286 299 1360 g,
325 1263 432 1332 variar
456 1185 716 1354 ”gnificarionee
744 1258 909 1333 sortietur.
1219 1285 1223 1292 ·
1400 1282 1402 1286 ·

220 1363 253 1453 ς.
284 1369 343 1458 89.
398 1331 453 1431 Ex
485 1357 650 1432 solutione
683 1360 805 1430 horum
829 1360 977 1432 duorum
1000 1357 1270 1456 problematum,
1296 1380 1371 1458 qua
1396 1359 1536 1458 quidem
1558 1362 1598 1434 in

169 1459 205 1533 se
233 1459 377 1558 speslara
397 1483 468 1530 non
484 1458 590 1531 solum
614 1456 689 1532 sunt
713 1459 896 1531 attentione
915 1461 1032 1555 digna,
1059 1459 1116 1533 sed
1137 1462 1239 1534 etiam
1256 1463 1335 1534 clun
1356 1456 1504 1560 analysrn
1522 1460 1597 1534 tlrm

168 1562 272 1634 etiam
295 1556 407 1631 motirs
436 1557 605 1631 scientiam
628 1554 861 1653 amplificant,
899 1563 1053 1654 quamvis
1078 1584 1118 1633 ea
1143 1560 1254 1634 casum
1313 1555 1498 1658 toposrtum
1526 1585 1599 1632 non

169 1661 304 1758 penitus
336 1660 559 1746 exhauriant,
596 1677 707 1730 tamen
733 1679 845 1730 motus
875 1659 912 1730 in
940 1660 1203 1755 praecedentibus
1238 1686 1275 1732 ca
1313 1663 1402 1734 tibur
1434 1655 1596 1750 definitur

168 1759 281 1830 mulrd
309 1761 415 1855 magis
441 1782 520 1830 cum
543 1758 751 1856 experientia
779 1757 998 1846 conciliatur,
1031 1761 1069 1831 id
1094 1761 1190 1855 quod
1221 1763 1361 1834 theoriae
1382 1757 1501 1840 nostrae
1527 1761 1594 1855 jam

162 1855 299 1955 ‚insigne
319 1861 414 1932 addit
434 1855 692 1931 firmamentum.
746 1858 857 1932 Simili
879 1881 991 1932 aurem
1012 1861 1118 1954 modo
1134 1859 1187 1934 vis
1211 1860 1231 1933 ὲ
1251 1859 1330 1936 Sole
1349 1859 1502 1957 prosedla
1516 1883 1595 1936 cum

167 1959 292 2032 inertid
313 1983 409 2054 aquae
426 1955 533 2054 potest
557 1958 740 2053 conjungi,
765 1983 866 2055 arque
886 1957 981 2034 estus
1004 1955 1111 2032 Maris
1134 1956 1288 2044 definiri,
1312 1961 1480 2057 qudtenut
1497 1959 1520 2034 ὲ
1540 1959 1596 2032 Γο-

167 2054 203 2131 la
226 2061 263 2131 vi
285 2059 374 2134 Solis
391 2062 521 2146 oritur,
548 2059 670 2154 quibus
692 2060 825 2132 duobus
845 2057 1021 2133 efleuibue
1039 2061 1284 2157 conjungendis
1301 2062 1449 2155 judicare
1468 2055 1596 2147 licebit,

166 2155 430 2256 quantue'arstut
461 2161 585 2255 quovit
616 2181 768 2254 tempore
789 2162 829 2233 δι
860 2161 984 2255 quovit
1005 2159 1083 2232 loco
1103 2161 1222 2235 debeat
1243 2162 1388 2235 evenire.
1455 2157 1499 2232 In
1524 2163 1592 2231 hoc

166 2261 309 2354 quidem
333 2253 447 2357 capite'
464 2260 683 2356 cogitationes
702 2262 813 2331 adhuc
829 2263 871 2332 ab
890 2263 1048 2334 omnibus
1071 2257 1247 2333 obstaculis
1270 2259 1417 2334 ltTerrd
1436 2261 1475 2332 dc
1499 2255 1594 2332 littoe

163 2362 260 2434 ribut
281 2361 432 2440 oriundis
455 2357 586 2458 prorsus
613 2355 851 2447 abstrahimus,
875 2383 977 2456 atque
998 2361 1189 2436 universam
1211 2359 1355 2434 Terram
1376 2361 1595 2458 undiquaque

159 2460 255 2556 aqud
275 2459 507 2543 circurnfusam
527 2461 706 2556 ponimus3
734 2485 777 2532 ex
799 2484 869 2553 quo
888 2461 1019 2556 regulas
1038 2463 1120 2536 hinc
1143 2480 1233 2536 natat
1263 2461 1430 2560 praecipue
1451 2460 1596 2556 ejusmo-

166 2562 204 2632 di
227 2560 535 2648 observationibus,
560 2585 635 2655 quae
660 2562 695 2632 iu
718 2555 914 2656 ampliffimo
945 2561 1086 2636 Oceano
1104 2565 1195 2662 apud
1213 2565 1352 2660 exiguas
1372 2561 1493 2656 insulas
1517 2560 1594 2634 sunt

159 2657 344 2746 institute,
383 2661 525 2734 conserri
558 2662 770 2734 conveniet..
812 2659 990 2749 Quoniam
1022 2687 1134 2738 autern
1165 2665 1318 2736 nondum
1344 2660 1466 2734 motiu
1498 2685 1598 2758 aquae

165 2757 384 2858 progressui,
410 2786 482 2858 quo
499 2759 692 2834 alternative
708 2762 751 2832 ad
773 2761 865 2843 loca,
891 2762 927 2832 in
950 2765 1073 2856 quibus
1098 2763 1230 2836 Fluxus
1251 2767 1289 2836 δι
1316 2759 1489 2835 Refluxus·
1508 2763 1599 2834 acci-r

159 2863 238 2947 dit,
263 2864 478 2958 progreditur
499 2863 538 2932 ua
561 2861 700 2944 recedit,
726 2856 891 2934 rationem
910 2865 1097 2946 habuimus,
1121 2859 1249 2938 necesse
1267 2861 1313 2935 esl
1331 2887 1369 2942 ut
1384 2865 1484 2935 etiam
1503 2865 1600 2932 hunc

161 2983 300 3032 mortun
321 2965 359 3032 δε
382 2960 607 3032 Phaenomena
632 2961 711 3032 inde
731 2983 804 3032 orta
830 2964 1107 3058 contemplemur.
1159 2961 1216 3036 Ac
1239 2961 1350 3059 primo
1377 2963 1517 3056 quidem
1541 2960 1593 3032 fa·

168 3059 232 3132 cile
254 3059 471 3156 intelligitur.
497 3059 575 3130 clun
595 3061 639 3130 ob
662 3063 815 3132 inertiam
832 3083 927 3154 aquae
950 3065 1024 3138 tum
1043 3065 1147 3136 etiam
1168 3064 1232 3135 alia
1255 3063 1498 3158 impedimenta
1515 3077 1608 3130 mos'

168 3163 219 3232 tui
243 3155 420 3254 opposita,
453 3181 576 3251 aquam
602 3183 671 3229 tam
692 3161 817 3230 tardilrs
836 3161 958 3232 elevari
986 3161 1092 3256 quim
1112 3165 1257 3258 deprimi
1283 3186 1466 3330 oportere,
1491 3159 1597 3254 quim

166 3283 212 3334 ex
233 3261 337 3331 allatis
358 3257 519 3330 hellenus
542 3255 780 3351 consequitur:
806 3261 897 3331 unde
914 3260 1045 3333 Fluxut
1068 3286 1138 3331 non
1157 3265 1200 3334 ad
1225 3286 1298 3334 tran
1313 3283 1377 3332 rrus
1405 3260 1513 3332 Lunae
1530 3271 1598 3358 'per

161 3361 394 3432 meridianum
415 3360 634 3454 contingent,
660 3357 716 3430 sed
736 3357 907 3456 aliquanto
924 3358 1027 3433 serius
1045 3361 1230 3441 evenient,
1253 3361 1393 3436 omnino
1415 3360 1466 3432 uti
1488 3383 1596 3458 expe·
1673 3371 1675 3376 “

165 3462 287 3532 rientia
308 3454 451 3532 testatur.
800 3525 804 3534 ,
1431 3529 1433 3538 ,

219 3561 250 3654 §.
277 3583 341 3655 90·
395 3560 483 3634 Hac
508 3583 619 3634 autem
648 3557 829 3632 retardatio
849 3559 986 3656 precise
1008 3561 1052 3634 ad
1076 3562 1239 3634 calculum
1257 3561 1411 3637 revocari
1436 3585 1505 3632 non
1530 3581 1596 3656 po·

160 3655 249 3746 resi,
274 3662 354 3755 quia
380 3659 400 3731 i
422 3683 519 3734 motu
541 3685 636 3757 aquae
665 3659 802 3756 ejusque
823 3661 1053 3756 profunditate
1070 3662 1254 3758 plurimum
1283 3665 1454 3760 pendeat,
1481 3660 1598 3757 prouti

151 3763 270 3836 'etiam
291 3762 446 3834 videmur
467 3764 503 3832 in
522 3756 661 3833 diversrs
683 3761 766 3831 lotie
789 3785 863 3833 eam
884 3765 1102 3836 vehementer
1117 3758 1181 3836 else
1202 3761 1383 3848 diversam,
1406 3783 1505 3858 atque
1519 3762 1595 3842 aliie

165 3859 257 3932 locis'
275 3860 426 3933 Fluxum
443 3863 644 3956 contingere
671 3857 742 3954 poll
770 3859 879 3933 Lunae
904 3862 1178 3936 culminationem
1194 3866 1302 3936 tribue
1326 3865 1416 3935 horit
1438 3862 1592 3932 nondum

160 3956 304 4054 elapsis,
328 3961 401 4032 aliis
426 3959 509 4031 verd
539 3961 620 4030 locis
645 3961 719 4056 plus
742 3959 846 4054 quim
873 3965 1054 4035 duodecim
1082 3967 1174 4034 horis
1199 3964 1325 4035 tardiirt
1351 3957 1469 4035 venire'
1481 4017 1490 4042 ,
1516 3983 1596 4054 quae

167 4062 309 4156 quidem
328 4056 468 4154 insrgnis
488 4059 665 4132 retardatio
688 4082 849 4130 terrarum
873 4057 1030 4156 positioni
1048 4061 1100 4134 eu
1118 4062 1358 4142 adscribendae
1387 4063 1522 4134 interim
1542 4083 1612 4130 rar*

132 4241 137 4246 ,
167 4183 248 4232 men
279 4161 358 4231 hinc
394 4157 592 4232 sufficienter
625 4153 749 4228 constat
777 4181 908 4230 morum
939 4159 1048 4232 Mario
1085 4165 1268 4252 admodum
1304 4157 1394 4258 pol-se
1422 4165 1468 4232 im
1495 4159 1592 4229 ediri.

163 4257 232 4332 Pro
253 4261 373 4332 eodem
394 4261 477 4330 verb
503 4260 579 4331 loco
601 4258 675 4331 satis
698 4257 882 4331 luculenter
902 4257 1118 4358 perspicitur,
1144 4265 1220 4357 qud.
1241 4262 1346 4353 major
1367 4185 1593 4356 arqussalrior

160 4357 195 4432 F
197 4361 294 4434 luxus
314 4361 450 4432 evenire
479 4361 618 4447 debeat,
644 4357 688 4431 ed
711 4359 836 4430 tardilu
861 4361 1008 4431 eundem
1033 4364 1186 4433 accidere
1210 4379 1375 4456 oportere.
1426 4359 1536 4446 Quod
1563 4350 1592 4426 st

142 4462 255 4550 venim
278 4457 371 4532 astus
394 4462 566 4558 contingat
594 4455 727 4533 infinite
747 4482 898 4553 parvus,
933 4455 1075 4532 dtsbium
1093 4459 1139 4536 est
1163 4462 1321 4545 nullum,
1348 4462 1431 4556 quin
1457 4463 1484 4532 is
1505 4455 1593 4529 staro

155 4583 316 4657 tempore
340 4561 507 4648 adveniat,
534 4561 612 4632 clrm
635 4559 886 4655 impedimentis
907 4561 974 4630 hoc
992 4559 1068 4632 casu
1085 4587 1127 4633 ne
1147 4562 1243 4632 locus
1263 4561 1401 4654 quidem
1423 4559 1589 4632 conceda·-
1644 4624 1647 4630 .

155 4659 381 4762 ‚turlagendit
406 4662 497 4742 unde
515 4659 662 4744 dilucide
678 4660 829 4758 sequitur
847 4657 941 4834 argus
963 4659 1005 4733 ed
1024 4662 1156 4736 tardiua
1178 4663 1337 4736 advenire
1360 4664 1491 4746 debere,
1520 4657 1597 4830 epig

928 4785 952 4833 x
1002 4785 1029 4864 3Ι
1590 4839 1593 4846 ,
