4558 5676
560 370 648 460 654
844 361 1291 444 Pnrtosorutrr
1360 360 1735 449 Nt'runrtts

386 501 545 636 fflsssffi
570 537 618 588 ex
647 527 753 614 parte
790 512 828 586 in
862 531 1003 588 terram
1036 502 1181 586 aridum
1214 497 1631 616 per‘putrefatlionem
1658 508 1839 623 abeunt,
1890 520 1933 598 dc
1968 517 2016 601 li·

389 673 509 718 utar.
570 653 726 706 murex
758 625 968 735 liquoribus
1003 625 1217 732 putrefactis
1243 627 1426 734 perpetu-5
1453 621 1610 707 decidit.
1663 631 1766 710 Huc
1790 636 1910 712 moles
1936 657 2011 716 ter·

570 773 620 826 tae
645 739 757 824 aridae
790 753 828 824 in
852 739 931 824 dies
967 771 1155 852 augetur,
1194 757 1233 826 dc
1253 748 1449 854 liquores,
1482 745 1549 824 nist
1577 744 1729 827 aliunde
1760 778 2014 857 augmentum

568 863 786 958 sumerent,
831 872 1015 970 perpetuo
1052 860 1271 944 decrescere
1306 860 1518 954 deberent,
1564 892 1611 945 ac
1642 865 1798 947 tandem
1831 865 2010 951 deficere.

572 985 629 1066 Po
651 985 693 1060 ro
722 981 883 1074 suspicor
916 979 1084 1092 spir-itum
1127 986 1259 1078 illum,
1304 988 1370 1092 qui
1405 986 1500 1060 aifris
1524 986 1636 1062 nostri
1667 1013 1750 1092 pars
1780 995 1937 1070 minima
1960 991 2013 1072 est

572 1097 637 1184 sed
663 1097 893 1182 subtilitlrma
933 1113 973 1184 &
1004 1112 1175 1212 optima,
1219 1113 1259 1182 δι
1291 1095 1497 1181 adrerum
1531 1111 1707 1185 omnium
1735 1113 1854 1188 vitam
1888 1113 2015 1220 requi·

575 1219 695 1315 tit'ur,
729 1249 776 1301 ex
806 1227 968 1301 cometis
992 1223 1180 1332 praecipue
1206 1226 1347 1305 venite,

638 1340 910 1448 Atmosphaerae
943 1367 1185 1422 cometarum
1220 1344 1259 1420 in
1295 1333 1472 1418 descensu
1505 1363 1640 1418 eorum
1669 1343 1707 1419 in
1732 1343 1849 1424 solem
1883 1369 2016 1426 excur-

473 1523 476 1531 .
578 1450 701 1542 tendo
725 1465 762 1538 in
793 1452 957 1552 caudas,
999 1455 1285 1572 diminuuntur,
1326 1467 1366 1538 δι
1396 1459 1469 1552 (ei
1499 1456 1603 1536 certe
1633 1464 1671 1538 in
1702 1487 1809 1567 parte
1838 1492 1922 1570 quae
1953 1460 2016 1541 so-

578 1581 657 1659 lem
693 1575 865 1685 respicit)
903 1582 1129 1688 angustiores
1160 1571 1395 1660 redduntur:
1443 1585 1484 1658 &
1518 1575 1676 1657 vicillrm
1708 1583 1749 1658 in
1778 1574 1919 1662 recellu
1951 1607 2017 1660 eo.

578 1699 666 1778 tum
691 1697 712 1774 a
738 1693 838 1792 sole,
880 1695 942 1776 ubi
974 1701 1050 1800 jam
1077 1698 1203 1780 minus
1238 1715 1446 1776 excurrunt
1479 1700 1518 1776 in
1548 1690 1717 1789 caudas,
1758 1701 2015 1810 ampliantur5

578 1810 755 1896 simodo
788 1813 1041 1925 phaenomena
1084 1843 1220 1898 eorum
1260 1812 1442 1891 Heuelius
1483 1809 1584 1893 reste
1616 1822 1777 1898 notavit.
1838 1821 2018 1900 Minimae

580 1958 710 2016 autem
738 1957 950 2043 apparent,
1003 1934 1067 2016 ubi
1099 1942 1223 2045 capita
1259 1936 1335 2037 jam
1369 1925 1491 2012 modo
1527 1923 1577 2010 ad
1616 1928 1734 2012 solem
1766 1933 1945 2018 calefacta
1976 1939 2017 2015 in

583 2048 723 2142 caudas
751 2060 935 2134 maximas
964 2064 1005 2136 δι
1034 2051 1318 2163 fulgentiffimas
1340 2049 1489 2144 abiere,
1533 2053 1725 2132 &nuclei
1756 2047 1862 2134 fumo
1893 2049 2017 2133 forsan

582 2170 757 2252 craffiore
790 2179 1024 2284 &nigriore
1059 2180 1098 2254 in
1128 2170 1466 2280 atmosphaerarum
1502 2167 1666 2276 partibus
1701 2173 1843 2252 infimis
1868 2179 2046 2280 circum·

583 2285 735 2372 dantur.
797 2292 903 2372 Nam
932 2288 1057 2374 fumus
1082 2299 1208 2374 omnis
1243 2295 1388 2400 ingenti
1415 2289 1543 2366 calore
1571 2294 1760 2371 excitatus
1792 2289 1944 2372 crallror
1976 2299 2019 2371 δε

586 2414 732 2520 nigrior
761 2401 833 2488 elle
858 2411 964 2491 solet.
1044 2414 1106 2493 Sic
1134 2433 1249 2518 caput
1277 2426 1466 2500 cometae,
1512 2398 1561 2485 de
1587 2433 1668 2513 quo
1691 2415 1862 2518 egimus,
1910 2406 1949 2490 in
1973 2435 2022 2489 ae-

496 2563 497 2568 ¹
587 2524 801 2636 qualibusa
829 2525 905 2608 sole
935 2556 981 2608 ac
1008 2528 1107 2609 terri
1141 2524 1322 2610 distantiis
1346 2521 1538 2604 obscurius
1566 2533 1739 2632 apparuit
1764 2529 1846 2636 post
1873 2526 2021 2635 perihe-

588 2645 683 2727 lium
710 2642 817 2724 suum
844 2673 959 2754 quam
983 2671 1106 2728 antea.
1167 2643 1302 2729 Mense
1328 2651 1433 2726 enim
1463 2639 1663 2722 Decembri
1691 2674 1783 2728 cum
1809 2647 1919 2727 stellis
1945 2667 2022 2726 tet·

576 2773 652 2846 -tiae
679 2761 950 2873 magnitudinis
976 2763 1143 2845 conferri
1174 2765 1344 2861 solebat,
1375 2787 1413 2845 at
1440 2755 1567 2844 tn'ense
1595 2761 1801 2842 Novembri
1823 2789 1915 2846 cum
1937 2763 2022 2846 stel-

591 2883 635 2966 lis
666 2888 796 2992 primae
822 2893 862 2967 &
885 2879 1067 2965 secundae.
1129 2873 1176 2966 Et
1199 2892 1268 2994 ,qui
1295 2910 1501 2993 utrumque
1517 2874 1706 2979 viderant,
1739 2885 1924 2988 majorem
1943 2876 2027 2962 des·

588 3001 742 3083 cribunr
766 3024 964 3084 cometam
991 3011 1169 3112 priorem.
1234 2991 1492 3101 Nam'Juvent
1526 2994 2023 3110 cuidamCanrabrigienfi',

591 3119 758 3204 Nouem.
795 3149 855 3214 19.
884 3146 1040 3203 cometa
1070 3121 1179 3202 hicce
1208 3121 1378 3222 lucesui
1407 3125 1652 3229 quantumvis
1680 3117 1859 3230 plumbei
1887 3131 1927 3200 δι
1954 3117 2026 3199 ob-

593 3239 700 3338 tusi,
731 3240 914 3350 aequabat.
936 3239 1074 3348 spicam
1109 3248 1287 3352 virginis,
1319 3239 1518 3322 &clarius
1550 3237 1720 3323 micabat
1741 3267 1857 3349 quam
1883 3242 2026 3346 postea.

589 3362 639 3445 Et
665 3359 884 3436 Monteuaro
920 3359 1024 3442 Nou.
1057 3384 1130 3454 zo,
1157 3366 1196 3440 st.
1230 3381 1305 3439 vet.
1332 3379 1487 3439 cometa
1523 3356 1730 3466 apparebat
1765 3359 1887 3458 major
1917 3360 2030 3438 stellis

591 3489 724 3592 primae
751 3473 1052 3588 magnitudinis,
1082 3483 1263 3559 existente
1294 3473 1413 3558 cauda
1446 3471 1613 3556 duorum
1639 3472 1828 3585 graduum
1855 3479 2028 3583 longitu-

592 3593 705 3680 dinis.
777 3599 824 3680 Et
854 3597 908 3678 D.
941 3595 1059 3674 Staret
1096 3597 1244 3697 literis,
1285 3625 1369 3704 quae
1405 3604 1445 3675 in
1479 3620 1611 3675 manus
1647 3599 1789 3676 nostras
1825 3589 2024 3690 incidere,

594 3713 736 3826 scriptis
765 3729 879 3822 c'aput
914 3717 991 3821 ejus
1023 3710 1149 3795 mense
1182 3711 1404 3809 Decembri,
1446 3712 1511 3795 ubi
1547 3708 1709 3794 caudam
1747 3722 1958 3796 maximam
1985 3722 2028 3794 tc

597 3833 907 3944 fulgentissimam
945 3832 1169 3934 emittebat,
1214 3860 1374 3943 parvum
1409 3827 1552 3914 elle&
1590 3828 1857 3944 magnitudine
1893 3829 2028 3912 vifibili

597 3954 714 4061 longe
744 3949 881 4034 cedere
911 3976 1103 4047 cometae,
1142 3960 1208 4060 qui
1249 3950 1378 4035 mense
1411 3950 1619 4030 Novembri
1657 3976 1745 4033 ante
1782 3952 1866 4033 solis
1898 3973 2030 4031 orrum

598 4094 836 4182 apparuerat.
896 4072 1014 4174 Cujus
1042 4079 1097 4152 rei
1119 4079 1309 4154 tationem
1339 4065 1412 4153 elle
1432 4070 1745 4176 conjectabatur,
1777 4065 1883 4182 quod
1909 4095 2033 4152 mate·

585 4199 655 4274 xtia
696 4201 829 4303 capitis
872 4189 938 4272 sub
970 4200 1081 4274 initio
1111 4191 1301 4302 copiosior
1341 4185 1457 4292 effer,
1502 4205 1543 4276 δι
1580 4195 1762 4303 paulatim
1791 4187 2035 4272 consumere·

598 4328 673 4391 tur.

657 4421 806 4522 Eodem
839 4427 1003 4538 spectare
1039 4424 1218 4526 videtur,
1265 4420 1373 4539 quod
1406 4433 1532 4541 capita
1562 4451 1802 4512 cometarum
1840 4430 2036 4522 aliorum,

598 4557 667 4658 qui
694 4547 833 4629 caudas
855 4557 1040 4632 maximas
1060 4560 1101 4632 δι
1128 4548 1410 4662 fulgentiffimas
1431 4547 1655 4648 emiserunt,
1688 4556 1931 4662 apparuerint
1952 4543 2037 4746 subbi

1952 4692 1976 4744 o
2021 4716 2038 4737 .
