4434 5664
1118 269 1481 358 Pnrncuvrrt
1545 283 1547 352 !

854 491 858 499 .
912 423 1106 506 Caetethm
1141 419 1190 506 de
1225 419 1466 506 cometarum

852 542 960 645 jubar
989 537 1060 640 eise
1092 539 1175 622 solis
1211 570 1276 649 pet
1305 542 1491 622 transsucir

853 664 915 741 vel
950 667 1039 738 oriri
1063 687 1108 738 ex
1137 657 1362 737 refractione
1384 625 1487 740 lucr?
1545 692 1547 738 r

852 799 900 858 tae
925 786 964 856 in
991 802 1151 868 terram,
1181 779 1241 856 vei
1268 770 1433 884 denique
1459 807 1494 856 nr
1545 807 1547 856 ι

852 919 961 975 merae
999 897 1134 1000 jugiter
1170 893 1382 1000 surgentem
1417 905 1496 976 &a
1545 925 1547 971 ι

852 1015 1547 1120 Qmmmwmffiwr

851 1137 1077 1248 opticarpm.
1149 1131 1252 1210 Nam
1282 1125 1388 1230 jubar
1418 1133 1499 1208 solis

852 1270 938 1338 tur,
979 1246 1046 1324 nisi
1075 1269 1258 1352 quatenus
1286 1248 1350 1324 lux
1377 1245 1500 1326 refleet
1545 1315 1547 1325 .

852 1368 976 1445 riculis
1020 1390 1086 1466 per
1122 1368 1250 1441 a‘e'rem
1285 1359 1429 1468 semper
1469 1391 1502 1441 vt

853 1477 1086 1560 crassioribus
1118 1479 1258 1560 inferto
1295 1473 1501 1584 splendidiu

853 1604 940 1680 a'eire
972 1599 1128 1674 clariore
1160 1603 1306 1676 tenuius
1336 1597 1387 1677 est
1412 1607 1452 1677 &
1476 1625 1504 1675 ae
1545 1627 1547 1638 ·

853 1717 1012 1796 materii
1045 1713 1261 1794 refletrente
1291 1714 1437 1792 nullum
1475 1722 1507 1792 ei

852 1857 961 1914 tenus
986 1839 1023 1910 in
1054 1821 1182 1930 jubare
1208 1833 1272 1920 est,
1306 1825 1367 1908 sed
1396 1830 1508 1937 quite
1545 1865 1547 1910 r

851 1971 943 2032 tros.
1005 1951 1108 2028 Nam
1142 1947 1233 2025 virio
1265 1973 1344 2028 non
1375 1947 1418 2028 fit
1450 1947 1509 2026 tris
1546 2045 1547 2052 ἵ

851 2088 958 2175 gunt.
1020 2057 1242 2171 Requitirut
1265 2071 1378 2172 igitur
1397 2087 1511 2144 mater
1545 2093 1547 2144 r

851 2179 924 2276 dae,
955 2209 1003 2262 ne
1028 2187 1171 2263 coelum
1197 2205 1321 2263 torum
1341 2185 1425 2262 iuce
1446 2181 1513 2262 soli

852 2304 1000 2407 Opinio
1026 2294 1186 2378 secunda
1215 2302 1343 2379 mustis
1367 2309 1514 2408 premitr
1545 2331 1547 2343 ·

852 2423 1091 2524 variegantor
1114 2415 1328 2501 coloribus:
1361 2426 1426 2524 qui
1458 2442 1547 2497 tan:

852 2561 907 2616 tes
939 2531 1211 2640 inseparabiles.
1282 2536 1366 2612 Lux
1393 2535 1547 2612 fixarum

799 2703 811 2721 s
850 2645 1054 2732 transmissa
1080 2645 1311 2730 demonstrat
1342 2647 1513 2728 medium

851 2796 903 2850 te.
966 2771 1068 2849 Nam
1099 2763 1204 2876 quod
1232 2761 1372 2848 dicitur
1396 2769 1487 2846 fixas
1499 2777 1520 2848 'a
1545 2798 1547 2844 ι

851 2888 942 2966 visas
972 2880 1102 2976 fuisse,
1135 2879 1204 2979 id,
1244 2891 1425 2992 quoniam
1456 2891 1547 2964 rari}

849 3003 1008 3084 nubium
1038 2999 1254 3082 refraffioni
1287 2999 1463 3084 sortuitae.
1545 3005 1547 3054 ³

846 3122 987 3202 tiliatio
1018 3111 1066 3198 ad
1095 3116 1334 3202 refractiores
1367 3142 1449 3198 tum
1472 3145 1547 3198 oct

848 3233 909 3316 dae
935 3234 1043 3314 sunt:
1072 3245 1212 3344 quippe
1233 3265 1316 3344 quae
1343 3230 1507 3318 admotis
1545 3265 1547 3314 :

845 3363 908 3436 ris·
929 3363 968 3433 δι
997 3349 1281 3435 ascendentium
1306 3381 1488 3460 vaporum
1513 3379 1527 3435 t

845 3473 958 3581 gusto
989 3469 1138 3578 pupillae
1165 3469 1281 3578 spatio
1309 3499 1374 3577 per
1404 3485 1504 3556 vices
1526 3467 1547 3551 <i

745 3670 749 3685 ,
847 3595 944 3668 vitri·
963 3585 1140 3688 obj‘effivi
1169 3591 1340 3696 aperturi
1360 3595 1531 3695 neutiqua

847 3708 969 3812 priori
994 3701 1077 3784 cafir
1103 3729 1331 3812 generetur,
1362 3714 1402 3786 in
1432 3711 1547 3815 poste:

772 3858 774 3862 ·
816 3823 1054 3928 ‘posteriore
1088 3820 1172 3900 casu
1207 3815 1440 3905 demonstrat
1473 3852 1547 3932 regi

845 3938 974 4015 coelos
997 3938 1071 4017 fine
1102 3946 1208 4019 omni
1236 3937 1458 4021 refrartione
1492 3939 1547 4022 serr

839 4049 980 4134 caudae
1012 4081 1088 4134 non
1119 4055 1261 4137 soleant
1290 4054 1409 4140 videri
1440 4067 1477 4138 in
1501 4087 1547 4138 e:

839 4169 934 4254 saris
968 4164 1100 4268 fortis,
1139 4183 1227 4282 qnia
1260 4197 1352 4254 tunc
1379 4172 1473 4257 radii
1503 4175 1547 4256 ser

813 4282 897 4372 -ad
928 4291 1061 4369 oculos
1087 4287 1334 4393 movendos,
1367 4303 1408 4374 δι
1438 4318 1547 4405 propt:

932 4403 1033 4490 Tam,
1065 4403 1169 4491 111.
1227 4405 1319 4487 Pars
1350 4408 1373 4489 Ι
1386 4409 1417 4497 s.
