4482 5658
529 459 621 541 An
674 457 998 540 tnuttun
1050 453 1330 544 ttettttn.
1518 425 1520 428 ’
1576 489 1643 544 m

214 577 281 678 ii23
308 587 560 686 Capricornus,
597 574 771 688 Aquarius
798 594 837 664 δε
867 591 999 679 Pisces,
1038 594 1199 688 hyberna.
1265 592 1370 688 Signa
1395 585 1645 660 ascendentia&
1743 647 1745 650 .

217 688 345 784 pundio
363 688 538 762 ..soisiitiaii
578 695 734 790 hyberno
753 695 804 763 ad
837 690 989 764 aestivum
1004 741 1016 780 ,
1031 691 1283 765 ⁴descendentia
1320 689 1405 765 vetti
1436 687 1458 760 'a
1486 684 1645 760 solstitiali

217 786 331 860 aestivo
357 793 401 860 ad
427 791 620 887 hybernum
648 815 894 887 computantur.
1602 847 1604 854 ,

272 915 302 980 5.
329 887 492 960 Zodt'actts
515 887 562 962 est
586 889 719 988 sphaetae
744 889 876 964 celestis
901 893 1013 987 portio
1032 890 1089 964 seu
1109 913 1196 964 zona
1216 893 1350 963 duobus
1371 889 1503 961 circulis
1529 887 1644 985 Eciip-

217 989 290 1060 ticae
310 989 481 1084 parallelis
511 993 550 1063 δι
572 995 739 1086 ‚gradibus
774 1003 795 1070 8
824 992 881 1064 vel
906 1017 930 1090 9
960 995 1045 1062 nine
1074 991 1159 1063 inde
1187 993 1229 1063 ab
1255 991 1423 1085 Eclipticd
1446 985 1641 1062 distantibus

216 1090 409 1174 terminata,
438 1087 497 1161 sub
519 1092 587 1185 qua
612 1091 751 1187 planetae
776 1116 892 1163 omnes
917 1115 1029 1161 motus
1052 1090 1126 1163 suos
1149 1091 1337 1162 absolvunt.
1388 1087 1486 1161 Dum
1511 1089 1644 1185 planeta

206 1189 258 1258 ab
284 1189 401 1261 occasu
426 1191 600 1264 inottum
627 1191 683 1263 seu
708 1189 890 1264 secundum
924 1193 1080 1262 ordinem
1104 1187 1312 1287 signorum,
1346 1211 1404 1260 aut
1430 1192 1526 1282 quod
1551 1192 1644 1260 idem

123 1363 127 1370 ,
210 1286 334 1374 sonat,
361 1291 397 1361 in
421 1285 515 1384 signa
537 1292 775 1392 consequentia
798 1291 960 1362 nimitum
981 1293 1023 1361 ab
1044 1295 1148 1363 ariete
1173 1293 1217 1362 ad
1243 1312 1399 1374 tautum,
1434 1285 1575 1360 itauro
1599 1289 1642 1360 ad

209 1391 369 1482 geminos
396 1393 492 1478 δια,
515 1415 614 1462 motu
639 1392 776 1486 proprio
804 1391 933 1478 fertur,
959 1390 1015 1461 ilie
1037 1391 1169 1486 planeta
1194 1414 1276 1462 tunc
1304 1389 1466 1485 temporie
1492 1387 1641 1462 directus

208 1510 355 1559 vocatur
367 1514 380 1576 3
406 1515 483 1560 cum
498 1487 598 1587 ipstut
626 1513 739 1562 motus
767 1494 921 1588 proprius
948 1487 1066 1563 cessare
1094 1492 1253 1578 videtur,
1279 1488 1336 1562 seu
1355 1489 1439 1560 dum
1457 1487 1588 1584 planeta
1606 1491 1643 1562 in

206 1589 337 1661 eodem
356 1590 433 1660 coeli
449 1589 577 1688 punsio
594 1593 717 1687 morati
743 1615 802 1684 pet
822 1591 953 1685 aliquot
976 1593 1048 1662 diet
1070 1592 1238 1678 cernitur,
1262 1589 1422 1662 eumdem
1442 1584 1642 1661 sttumfixa·

207 1709 291 1757 ‘tum
320 1689 473 1787 respediu
496 1690 650 1778 servant,
675 1687 885 1762 stationarius
914 1692 1062 1777 dicitut3
1088 1689 1302 1786 retrogradus
1329 1689 1467 1760 tandem
1493 1688 1641 1784 appella·

205 1807 270 1857 :tut
302 1790 362 1861 ubi
388 1790 514 1861 contri
531 1786 716 1886 ignorum
730 1793 893 1862 ordinem
928 1787 986 1862 seu
1013 1791 1057 1870 ,in
1088 1791 1321 1864 antecedentia
1353 1811 1391 1862 ut
1407 1787 1435 1860 d
1475 1810 1571 1860 teuto
1598 1789 1642 1862 ad

203 1888 374 1975 ·.arietem,
399 1893 442 1960 ab
466 1892 567 1962 ariete
588 1893 630 1961 ad
658 1890 761 1986 pisces
787 1893 858 1962 &c
883 1891 1020 1988 proptio
1043 1911 1141 1962 motu
1167 1891 1304 1963 incedit.

228 1983 238 1990 ’
266 1989 300 2063 6.
329 1987 489 2062 Luna&
518 1989 578 2062 sol
612 1988 687 2061 sunt
710 1990 837 2085 semper
863 1989 1007 2075 diseede
1032 2012 1066 2062 at
1088 1991 1198 2080 caeteti
1216 1990 1365 2085 planetae
1389 2009 1463 2060 tum
1493 1985 1641 2084 superio-

207 2110 265 2160 ⁴ret
278 2138 289 2173 ,
320 2090 504 2176 videlicet,
538 2089 726 2176 Saturnus,
752 2089 948 2186 Jupiter&
979 2087 1096 2176 Mers,
1121 2113 1194 2160 tum
1222 2088 1423 2174 inferiores,
1457 2090 1640 2176 nimitum,

214 2185 399 2260 Venus&
432 2189 649 2275 Mercurius.
675 2187 796 2261 ditesii
819 2187 944 2261 deinde
959 2184 1145 2260 stationarii
1168 2193 1208 2261 δι
1234 2185 1349 2286 posted
1378 2190 1565 2282 retrogradi
1588 2190 1641 2258 vi-
1756 2246 1759 2252 ,

214 2287 347 2360 dentur.
401 2287 535 2361 Eorum
569 2313 722 2386 tempora
751 2291 921 2386 periodica
951 2289 1074 2386 quibus
1111 2311 1224 2360 totum
1253 2289 1431 2360 zodiacum
1464 2289 1502 2360 in
1525 2287 1643 2360 conse·

213 2389 553 2484 quentiapetagrant,
573 2389 654 2462 sunt
671 2389 856 2485 inaequaiia.
908 2383 1001 2468 Nam
1018 2385 1181 2470 Saturnus
1201 2415 1248 2488 30
1269 2390 1399 2460 circiter
1414 2389 1509 2458 annis
1530 2389 1643 2485 petio-

205 2489 298 2559 dum
321 2487 413 2560 suam
423 2489 588 2578 absoluit3
615 2489 749 2586 Jupiter
772 2492 874 2564 annis
897 2491 1027 2561 circiter
1047 2512 1121 2576 12,
1149 2487 1243 2562 Mart
1269 2490 1364 2562 annis
1391 2487 1522 2560 duobus
1550 2485 1642 2575 fere,

215 2585 316 2660 Luna
335 2589 453 2662 diebus
479 2615 530 2690 27
556 2594 596 2664 δι
623 2591 715 2660 horis
740 2615 765 2686 7
794 2591 951 2676 circiter,
983 2587 1104 2661 Venus
1137 2592 1315 2662 autem&
1345 2585 1538 2660 Mercurius
1563 2611 1642 2660 cum

214 2687 296 2762 Sole
315 2715 403 2762 enno
423 2715 503 2763 uno.
532 2689 696 2766 „Nem-hi
719 2692 790 2762 duo
811 2689 951 2784 planetae
972 2689 1087 2762 Solem
1112 2688 1161 2760 itit
1177 2685 1362 2761 constanter
1383 2691 1585 2776 comitantur
1603 2711 1643 2760 ttt

213 2783 334 2862 Venus
354 2813 535 2886 nunquam.
555 2786 644 2863 ultre
662 2813 717 2888 47
739 2792 869 2864 circiter
891 2791 1015 2884 gradus
1037 2813 1100 2859 nec
1127 2787 1317 2860 Mercurius
1330 2787 1421 2878 uitri
1446 2799 1495 2866 28
1519 2787 1540 2860 it
1561 2786 1641 2860 sole
1681 2807 1689 2822 ·
1836 2801 1844 2810 '

206 2889 444 2982 digrediatur,
480 2893 517 2963 id
540 2886 620 2976 esi,
652 2889 795 2985 angulus
828 2891 995 2960 maximus
1024 2888 1083 2960 sub
1112 2912 1182 2984 quo
1218 2885 1372 2962 distantia
1407 2886 1552 2964 Veneris
1584 2909 1643 2960 eut

213 2983 380 3061 Mercurii
403 2989 430 3063 i
451 2985 532 3066 so‘le
556 2992 578 3064 i
608 2989 718 3064 Terta
742 2989 964 3090 conspicitur,
998 2990 1121 3087 gradui
1153 3015 1205 3090 ῃ
1227 2989 1284 3064 vel
1309 2999 1359 3070 28
1386 3011 1562 3088 nunquam
1584 2985 1642 3060 su-

201 3109 210 3156 .·
238 3111 316 3160 etat.

207 3112 301 3285 l2¹7.
340 3189 465 3264 Circuit·
498 3187 721 3266 declinante
754 3191 811 3264 seu
843 3191 960 3265 circuli
999 3192 1123 3265 horarii
1151 3191 1226 3264 sunt
1257 3185 1372 3262 circuli
1402 3189 1547 3260 ‘maximi
1580 3213 1641 3284 per

204 3291 335 3362 mundi
371 3291 467 3386 polos
482 3287 487 3294 ’
500 3292 704 3365 transeuntes
725 3295 764 3363 &
792 3290 937 3387 proinde
971 3295 1132 3385 aequatori
1151 3290 1458 3388 perpendiculares.
1512 3290 1639 3361 Sidetit

204 3389 269 3459 'vel
296 3389 415 3485 punsii
440 3389 613 3485 cujuslibet
638 3395 674 3465 in
691 3391 825 3489 -spitaetd
839 3391 1019 3464 mundani
1041 3393 1213 3464 declinatio
1241 3388 1288 3464 est
1301 3393 1409 3462 'arcus
1435 3390 1551 3461 circuli
1576 3391 1639 3462 de·

213 3487 401 3561 dinationis
421 3489 515 3565 'inter
555 3489 643 3564 fidus
676 3493 734 3562 *vet
762 3495 879 3564 datum
913 3490 1079 3586 punsium
1111 3493 1151 3564 de
1178 3513 1390 3586 -aequatorem
1424 3491 1637 3584 interceptut.

212 3586 360 3684 Afienfio
393 3598 483 3663 resia
518 3588 631 3665 fiderit
660 3589 708 3666 est
738 3613 831 3663 arcut
867 3593 1044 3687 aequatorit
1071 3591 1167 3663 intet'
1205 3590 1372 3686 puniium
1405 3589 1640 3683 equinoctiase

210 3712 357 3761 vernum
384 3692 423 3763 &
451 3691 614 3764 circulum
649 3693 881 3766 declinationis
905 3689 1027 3762 sideris
1062 3690 1152 3761 illius
1177 3688 1435 3788 comprehensus
1455 3713 1500 3759 vac
1522 3689 1640 3761 secun-

206 3785 295 3860 dum
320 3792 474 3864 ordinem
494 3788 667 3888 fignorum
690 3815 894 3864 numeratus.
948 3789 1074 3864 Circuii
1100 3787 1284 3863 latitudinis
1310 3787 1456 3860 stdetum
1480 3788 1555 3861 sunt
1577 3791 1640 3860 cir-

201 3889 277 3961 culi
305 3887 439 3987 spitaeroe
465 3895 604 3966 maximi
628 3917 688 3990 per
713 3893 809 3990 polos
836 3892 999 3988 eclipticae
1037 3895 1075 3963 dc
1098 3914 1157 3986 pet
1189 3887 1295 3962 sidera
1324 3887 1528 3962 transeunter
1539 3939 1550 3976 ,
1587 3911 1640 3960 at·

203 3990 279 4084 que
304 3991 383 4062 ided
403 3989 576 4090 Ec'lipticae
600 3993 900 4090 perpendiculares.
953 3993 1052 4066 Hinc
1076 3989 1235 4063 Latitudo
1257 3985 1438 4062 fiderit-est
1458 4011 1552 4060 arcus
1574 3989 1640 4059 cir-
1710 4067 1728 4078 .,
1808 4017 1813 4028 ·
1873 4051 1875 4059 ,

213 4087 279 4161 culi
306 4089 501 4164 latitudinis·
515 4095 602 4164 inter
633 4089 785 4164 fidus&
822 4090 1022 4188 Eclipticam
1051 4092 1266 4186 interceptus.
1319 4087 1501 4187 Longitudo
1526 4086 1640 4161 stder'it

213 4186 259 4262 cst
281 4211 376 4262 arcus
399 4193 560 4290 ecliptica
579 4198 621 4266 ab
639 4195 751 4278 arietis
779 4193 877 4264 initio
905 4193 1022 4264 vertite
1043 4214 1156 4262 ortum
1184 4191 1243 4264 seu
1260 4192 1303 4262 in
1325 4187 1561 4283 consequentia
1582 4185 1640 4258 us-

201 4287 280 4384 ‘qui
303 4293 346 4364 ad
369 4292 556 4365 latitudinis
582 4289 745 4390 circulum
770 4315 973 4366 numeratus.
1034 4291 1205 4362 Puncium
1229 4287 1474 4363 intersectionis
1494 4287 1640 4388 Eclipti-
1736 4353 1739 4360 .

210 4413 258 4464 cet
275 4414 355 4464 cum
381 4394 506 4487 circulo
530 4390 715 4466 latitudinis
734 4383 848 4465 sideris
868 4394 991 4464 dicitur
1016 4391 1110 4471 locut
1140 4387 1263 4464 sideris
1285 4387 1472 4490 Eclipticut
1498 4387 1567 4465 five
1587 4389 1641 4462 lo·
1765 4459 1769 4484 p

212 4511 268 4573 tut
286 4493 323 4566 in
347 4491 517 4614 Eclipticd
542 4494 716 4570 costocus
741 4493 784 4568 ad
807 4483 1008 4591 Eclipticam
1022 4489 1202 4581 teducius.

953 4708 1143 4774 ,Η
1252 4689 1295 4699 ”
1538 4691 1642 4796 Νι
