4482 5658
448 473 791 566 i‘rtrnernra
840 479 1351 574 ‘Martie-nr'nrr-en:
1571 525 1622 590 29

186 619 403 706 rr'isrenlium
432 630 474 704 δι
503 624 689 703 lineatum
719 630 796 724 8}‚
826 643 868 702 ut
895 619 1109 702 observavit
1136 621 1340 732 Hugenr‘us.
1396 628 1450 712 “Et
1473 623 1533 726 (¹)
1564 635 1619 712 al·
1641 639 1787 704 creir.

186 735 349 837 titudo,
373 765 498 850 quam
520 767 637 850 grave
662 761 836 850 tempore
861 742 1127 822 minuriunius
1155 738 1308 824 secundi
1338 741 1514 826 cadendo
1541 744 1620 830 des·
1638 719 1799 852 {wi}

189 857 339 955 scribit,
370 853 498 941 estad
528 853 727 940 dimidiam
750 854 1032 969 longitudinem
1062 854 1217 967 penduli
1242 859 1352 963 hujus
1383 872 1422 945 in
1451 859 1618 976 duplica·
1637 843 1785 1001 {³¹3²-

197 979 237 1060 ri
266 985 413 1060 ratione
449 975 764 1058 circumferentia:
790 977 925 1058 ,circuli
960 972 1010 1056 ad
1042 973 1273 1058 diametrum
1302 983 1379 1084 ejus
1416 989 1486 1080 (ut
1521 979 1637 1068 indi·v
1662 947 1699 1006 γ’

196 1103 303 1178 ravit
333 1102 450 1177 etiam
475 1093 695 1204 Hugem'ur)
730 1097 748 1191 (
759 1099 815 1190 m)
839 1089 1007 1202 ideoque
1030 1097 1084 1174 est
1100 1091 1245 1203 pedum
1268 1099 1524 1184 parisientium
1556 1130 1618 1207 15.
1734 1172 1745 1190 .

107 1202 114 1224 ‘
197 1207 275 1324 dig.
316 1242 350 1297 1.
377 1219 442 1296 lin.
482 1218 537 1321 tf}-
610 1215 660 1294 Et
685 1233 885 1322 propterea
913 1219 972 1292 uis
1003 1213 1078 1321 qui
1106 1215 1196 1294 luna
1226 1223 1265 1294 in
1295 1215 1397 1297 orbe
1433 1219 1498 1300 suo
1534 1229 1621 1304 reti-

194 1355 338 1428 netur,
369 1333 394 1442 sr
425 1325 674 1414 descendatur
704 1336 744 1410 in
782 1328 1020 1440 superficiem
1050 1353 1191 1428 rerrae,
1233 1337 1386 1442 :equalis
1425 1333 1554 1420 euadit
1582 1350 1621 1422 vi

196 1455 392 1560 gravitatis
417 1447 518 1560 apud
542 1473 643 1544 nos,
682 1442 850 1557 ideoque
885 1456 977 1557 (per
1001 1475 1080 1558 reg.
1111 1474 1150 1530 r.
1178 1461 1219 1534 dc
1248 1454 1336 1550 11.)
1362 1457 1514 1538 eil-illa
1541 1455 1620 1566 ipsa

196 1574 252 1648 uir
283 1597 399 1678 quam
428 1597 499 1650 nos
527 1572 754 1680 gravitatem
776 1561 911 1647 dicere
936 1568 1109 1648 solemus.
1187 1571 1295 1654 Nam
1325 1571 1540 1682 sigraviras
1570 1573 1618 1656 ab
1722 1549 1725 1574 ¹

195 1686 239 1770 cir
270 1681 414 1790 diversa¹
433 1681 554 1783 esser,
578 1711 750 1793 corpora
779 1683 921 1766 uiribus
938 1683 1112 1793 :utrisque
1133 1690 1354 1792 vconjunclis
1383 1713 1523 1772 terram
1555 1701 1619 1802 pe·

193 1801 314 1886 tendo
344 1800 462 1914 duplo
492 1807 662 1888 velocius
690 1797 1002 1898 descenderent.
1034 1813 1075 1884 δι
1104 1801 1229 1912 spatio
1258 1814 1397 1890 minuti
1426 1818 1538 1912 unius
1565 1811 1618 1894 se·

192 1919 309 2007 eundi
338 1917 515 2006 cadendo
533 1917 793 2005 describerent
812 1915 929 2031 pedes
944 1920 1170 2008 Parisrenses
1198 1932 1295 2028 303:
1325 1931 1489 2010 omnino
1523 1958 1616 2014 con·

189 2059 249 2124 tra
277 2050 563 2154 experientiam.

245 2167 325 2266 pn)
370 2163 550 2248 Calculus
578 2159 644 2243 hic
666 2155 850 2244 »fundetur
873 2167 918 2242 in
940 2156 1146 2269 =hypothesr
1176 2158 1284 2272 quod
1321 2187 1422 2248 terra
1445 2167 1614 2278 quiescit.

186 2279 297 2362 Nam
326 2280 354 2360 fi
384 2302 487 2363 terra
516 2291 557 2364 bc
579 2282 667 2362 luna
692 2301 922 2362 moveantur
942 2284 1090 2360 circum
1113 2279 1251 2379 solem,
1285 2293 1326 2366 dc
1354 2290 1499 2368 interea
1516 2284 1626 2395 quo·¹

191 2425 269 2506 que
297 2407 443 2482 circum
462 2425 679 2482 commune
702 2403 896 2508 gravitatis
922 2416 1100 2482 centrum
1122 2403 1392 2484 revolvantur:
1434 2425 1615 2486 manente
1649 2395 1653 2402 ’

185 2515 274 2624 lege
311 2523 523 2630 gravitatis,
549 2513 722 2600 distantia
743 2539 973 2598 -centrorum
1002 2516 1101 2599 lunae
1139 2545 1184 2598 ac
1214 2540 1330 2604 terrae
1362 2519 1409 2602 ab'
1444 2529 1614 2604 invicem

188 2642 261 2715 erit
293 2641 369 2733 60}
398 2629 768 2718 semidiametrorum
798 2637 1027 2718 terrestrium
1056 2641 1234 2724 circiterr
1273 2643 1328 2718 uti
1356 2647 1614 2752 computatio.

182 2777 277 2832 nem
304 2760 454 2839 ineunti
478 2753 639 2864 patebit.
699 2755 954 2867 computatio
978 2773 1111 2839 autern
1138 2761 1224 2838 iniri
1253 2758 1379 2866 potest
1401 2785 1472 2869 per
1497 2785 1612 2873 prop.

178 2895 258 2960 cx.
276 2870 349 2956 lib.
381 2897 417 2956 1.
543 2948 548 2964 .

1501 2991 1612 3078 Schr-
1822 3117 1829 3128 Ι
1862 2943 1866 2952 1

218 3219 280 3302 (l)
317 3225 395 3287 *Ee
413 3224 537 3288 altitudo.
556 3227 646 3304 (471.
662 3223 715 3285 lib.
740 3229 799 3306 n).
917 3240 1002 3286 motor
1024 3223 1133 3287 revolvi
1158 3225 1319 3291 uideretur,
1338 3225 1419 3287 soret
1436 3225 1471 3288 ed
1495 3179 1605 3309 tenipus
1723 3217 1734 3246 ¹

220 3334 295 3410 (ω)
333 3331 491 3412 tiraq..
507 3333 619 3413 nm.
632 3337 714 3418 ‘’ris-
733 3334 829 3412 (nn.
842 3335 866 3411 l·
918 3302 1603 3454 :lirinutrilibet?ltili?ir:

219 3456 262 3530 (n
329 3466 373 3525 64.
393 3452 416 3499 *
436 3452 560 3514 calculas
575 3454 616 3510 lrir
627 3448 765 3529 fendatur
782 3454 809 3508 in
822 3451 868 3523 luy·
917 3445 1046 3514 moriad
1069 3453 1202 3512 summoto
1222 3453 1343 3511 duorum
1365 3454 1528 3532 Corporum
1552 3475 1601 3518 re·

227 3533 278 3590 lrer
299 3530 372 3610 quod
403 3546 475 3588 terra
495 3531 616 3609 quiescit.
656 3525 867 3586 l“Undecima
917 3527 1112 3596 volventium
1132 3525 1228 3594 Unde,
1246 3545 1379 3587 manente
1398 3529 1497 3590 eidem
1510 3533 1603 3612 grevi-

174 3544 312 3667 gerione
333 3603 410 3665 libri
426 3607 451 3664 1.
472 3602 595 3682 quesivit
612 3601 775 3664 Nevrtonue
797 3621 867 3680 qua·
918 3603 985 3665 tatis
1007 3605 1100 3682 lege,
1118 3600 1225 3681 Ellipsrs
1242 3623 1302 3680 que
1318 3603 1524 3667 describeretur
1546 3608 1603 3668 cir-

179 3681 215 3744 lir
238 3682 365 3743 orirerur
397 3679 558 3748 differentia
584 3677 659 3738 inter
677 3695 772 3737 motus
798 3695 867 3737 cor·
915 3699 950 3741 oa
970 3701 1024 3740 nos
1047 3687 1171 3737 immoror
1191 3679 1297 3739 eodem
1318 3697 1446 3757 tempore
1464 3703 1522 3762 quo
1535 3684 1601 3744 des-

175 3777 279 3850 porum
304 3757 507 3824 attraciorurn,
534 3757 649 3832 quando
671 3771 734 3814 rora
755 3751 865 3812 vis'uni
916 3757 1037 3816 cribitur
1058 3753 1170 3833 Elliplis
1190 3753 1308 3816 relativo
1331 3757 1408 3818 cirea
1429 3779 1480 3819 nos
1500 3777 1601 3824 moros.
1649 3763 1652 3770 ’
1737 3769 1741 3783 ·

176 3851 304 3895 immoto
326 3831 479 3901 tribuitur,
498 3847 547 3892 aut
567 3830 683 3908 quando
703 3828 800 3904 (licut
818 3850 864 3890 rer
915 3832 1009 3892 minor
1030 3832 1105 3892 soret
1123 3849 1207 3907 quam
1233 3849 1266 3894 ea
1286 3831 1393 3908 Ellipfis
1415 3834 1554 3902 relativa,
1574 3842 1602 3894 ὃς

174 3912 206 3972 se
225 3909 329 3982 heber)
355 3909 525 3970 attractione
547 3907 644 3966 mutui
662 3905 695 3964 io
713 3907 742 3968 se
765 3923 863 3985 agunt,
915 3909 1094 3968 retioatium
1111 3904 1269 3966 invenietur
1283 3907 1415 3974 dicendo,
1435 3913 1602 3986 quadrarunt

174 3991 203 4046 ἃ
233 3985 439 4047 demonstravit
468 3979 670 4060 propositione
702 3989 734 4054 5⁸
762 3987 789 4060 Q
817 4003 862 4056 59.
915 3999 1053 4062 temporit
1072 3999 1131 4058 quo
1152 3983 1212 4042 haec
1232 3981 1338 4061 Ellipsrs
1359 3985 1526 4045 describitur
1547 3988 1602 4046 liro

176 4061 301 4140 Qnodd
316 4062 455 4122 e'duobue
473 4055 799 4138 corporibursemuruo
818 4075 862 4118 at·
915 4063 929 4136 (
940 4078 975 4118 ex
1000 4059 1091 4138 hyp.)
1110 4061 1278 4134 quadratum
1302 4062 1438 4136 temporis
1457 4082 1515 4139 quo
1540 4061 1604 4123 des·

174 4137 357 4200 trahentibus
376 4144 403 4196 dr
433 4135 512 4198 cirea
535 4151 692 4196 commune
717 4133 864 4212 gravitarie
915 4134 1037 4198 cribitur
1057 4132 1163 4212 Ellipsrs
1184 4134 1303 4195 relativa
1327 4134 1403 4197 circa
1424 4157 1485 4201 nor,
1509 4139 1548 4198 est
1567 4141 1603 4202 td

159 4233 305 4276 ⁴centrum
330 4213 450 4291 lillipsee
486 4212 589 4273 similet
612 4209 863 4276 describentibus.
916 4211 1083 4290 quadratum
1102 4210 1238 4288 temporis
1263 4231 1322 4287 quo
1348 4212 1459 4289 Ellipsrs
1479 4214 1603 4276 relativa

161 4292 342 4353 -alrerntrbm
360 4289 398 4350 stt
418 4290 511 4349 nostra
531 4285 734 4350 redemtam
753 4303 863 4346 morum
916 4285 1008 4363 ellipfi
1040 4285 1154 4361 equalis
1186 4286 1263 4346 circa
1293 4306 1344 4345 nor
1376 4288 1439 4346 vere
1466 4286 1603 4350 immotos

172 4383 268 4428 totum
296 4365 383 4428 elteri
413 4364 570 4427 tribuemus
594 4363 675 4442 quod
703 4363 782 4423 citer
807 4383 864 4422 -noe
914 4361 1105 4425 describitur,
1125 4377 1156 4420 ut
1178 4363 1276 4420 Cultus
1296 4361 1364 4422 semi
1383 4363 1604 4445 AxisEllipseor

171 4443 296 4523 Elliplim
322 4442 485 4503 describere
514 4439 680 4510 videreturr
711 4439 782 4499 illud
812 4439 863 4497 ei·
913 4436 1033 4497 minoris
1044 4434 1394 4517 descripraecircecorpur
1405 4439 1556 4500 immotum
1567 4445 1603 4504 ad

171 4518 237 4578 dem
261 4519 287 4578 vi
307 4517 467 4596 centripeti
489 4519 620 4579 eamdem
640 4514 765 4594 Ellipfim
781 4515 883 4576 circe·
914 4510 1190 4573 CubumsemiAxir
1204 4511 1310 4590 Ellipsn
1325 4515 1441 4592 majoris
1456 4517 1604 4596 descripte

167 4595 260 4654 norb
278 4595 392 4654 immori
406 4596 504 4654 reveri
519 4593 647 4653 foremue
665 4592 775 4654 oonnifi
796 4596 865 4652 lon·
913 4589 1108 4667 circtcorpus
1121 4587 1209 4648 etiarn
1227 4587 1377 4648 immotum
1393 4597 1494 4669 &quae
1510 4594 1605 4672 Ellipli

170 4669 249 4748 giori
270 4689 399 4750 tempore
417 4668 622 4736 describeret,
639 4669 683 4728 ita
705 4685 735 4726 ut
756 4687 866 4746 tempor
915 4665 1041 4753 relative
1053 4664 1092 4753 eil
1106 4663 1230 4760 equaliq
1251 4664 1299 4725 sed
1316 4666 1367 4725 illa
1383 4685 1511 4744 tempora
1524 4689 1607 4732 erant

136 4789 141 4796 ·
166 4749 358 4830 fluo-mutui
378 4731 497 4810 ‚odiloni
522 4743 780 4826 gravitatimirca
813 4763 867 4808 ooo
915 4742 1154 4822 tosubduplrcate
1174 4741 1541 4880 rotroneEmaslaecorpotis
1558 4745 1609 4832 im:

234 4828 312 4892 lom.
350 4827 438 4888 iil.
1535 4838 1610 4882 mort
