4558 5676
631 414 715 515 652'
855 415 1331 510 ,l‘rrrrororrrru
1392 409 1743 496 Nar-'urtam

444 553 604 646 nequan-
693 543 898 636 Ascensum
931 550 1140 636 caudarum
1175 541 1222 638 ex
1265 555 1524 662 atmosplraeris
1554 562 1721 661 capitum
1757 547 2056 662 &progressum

444 647 598 769 23³1?
632 683 674 756 in
699 693 821 780 partes
854 671 976 752 aiore
1005 676 1148 756 aversas
1182 669 1356 770 K'en'nnr
1390 673 1538 754 ascribit
1571 676 1721 772 aelioni
1742 666 2059 752 radiorumlucrs

633 796 833 874 materiam
864 789 994 870 caudae
1029 791 1155 872 secum
1189 781 1429 904 rapientium.
1495 795 1542 872 Et
1575 820 1703 871 auram
1735 789 1850 900 longe
1890 789 2056 871 renutffi-

633 935 737 990 mam
775 914 816 986 in
854 907 974 1015 {pariit
1003 908 1206 990 liberrimis
1242 917 1379 994 astioni
1419 905 1610 988 radiorum
1639 905 1802 1002 cedere,
1845 935 1923 986 non
1956 905 2057 987 esta

633 1040 648 1118 (
662 1025 707 1115 f)
738 1035 883 1104 ratione
913 1027 1058 1130 prorsus
1092 1034 1279 1120 alienum,
1312 1058 1387 1109 non
1415 1025 1585 1108 obstante
1609 1025 1713 1125 quod
1735 1022 1940 1106 substantia
1963 1023 2056 1104 cras-

632 1145 679 1228 sae
708 1138 998 1246 impeditillimis
1036 1154 1076 1224 in
1113 1146 1329 1254 regionibus
1363 1150 1495 1227 nostris
1525 1146 1545 1224 xa
1582 1139 1693 1223 radiis
1721 1144 1802 1224 solis
1841 1143 2059 1223 sensibiliter

601 1287 603 1290 ·
632 1263 794 1372 propelli
822 1284 1024 1368 nequeant.
1086 1266 1195 1345 Alius
1215 1268 1413 1376 particulas
1441 1287 1518 1344 tam
1550 1262 1652 1342 leves
1682 1289 1797 1369 quarn
1822 1289 1955 1370 graves
1987 1253 2057 1340 da-

604 1479 607 1486 *
633 1389 664 1457 ri
687 1370 787 1485 polse
810 1382 1016 1468 existimat,
1050 1391 1090 1460 δε
1116 1392 1311 1464 materiam
1348 1375 1553 1462 caudarum
1578 1381 1763 1472 levitare,
1794 1407 1936 1488 perque
1961 1380 2058 1456 levi-

632 1518 751 1578 tatem
786 1494 888 1575 suam
925 1495 946 1576 a
976 1495 1052 1577 sole
1083 1497 1295 1582 ascendere.
1366 1502 1470 1583 cum
1504 1521 1631 1577 autem
1660 1503 1826 1607 gravitas
1851 1519 2059 1605 corporum

531 1621 534 1630 '
633 1614 868 1694 terrestrium
896 1615 938 1694 srr
963 1639 1003 1694 ut
1034 1626 1192 1699 materia
1219 1629 1257 1700 in
1287 1614 1541 1726 corporibm,
1573 1608 1741 1720 ideisque
1768 1610 1908 1694 servati
1938 1640 2059 1723 quau·

529 1809 532 1816 ,
633 1738 743 1832 ritate
783 1738 950 1812 materiae
991 1729 1139 1816 intendi
1179 1751 1219 1820 δε
1250 1745 1394 1818 remitti
1425 1755 1622 1836 nequeat,
1673 1725 1837 1838 suspicor
1868 1731 2060 1812 ascensum

632 1849 742 1930 illum
767 1877 814 1930 ex
848 1847 1095 1932 rarefaetione
1125 1863 1293 1936 materia:
1319 1849 1528 1935 caudarum
1560 1851 1686 1959 potiris
1711 1855 1813 1930 oriri.
1875 1843 2063 1943 Ascendit

632 1963 760 2046 sumus
784 1975 822 2046 in
855 1975 1010 2047 camino
1040 1973 1203 2079 impulsu
1226 1981 1323 2054 aiiris
1346 1977 1415 2052 ‘cui
1449 1979 1606 2052 innatat.
1671 1973 1748 2048 A‘e‘r
1774 1969 1836 2046 ille
1864 1994 1929 2073 per
1954 1969 2062 2047 calo-

635 2111 718 2164 rem
749 2084 951 2166 raresarstus
980 2086 1169 2186 ascendit,
1202 2089 1254 2170 ob
1283 2085 1517 2171 diminutam
1547 2084 1650 2166 suam
1679 2091 1906 2193 gravitatem
1941 2084 2064 2192 speci-

634 2201 781 2296 ficam,
813 2215 853 2284 δι
878 2201 1029 2284 fumum
1058 2214 1297 2316 implicatum
1332 2217 1428 2316 rapit
1459 2197 1598 2286 secum.
1671 2195 1825 2308 Qurdni
1850 2197 1970 2280 cauda
1995 2228 2067 2279 co·

635 2342 750 2401 metz
773 2316 823 2399 ad
850 2319 1017 2404 eundern
1050 2323 1215 2407 modum
1245 2323 1453 2407 ascenderit
1479 2324 1501 2403 ὲ
1527 2321 1629 2403 sole?
1668 2325 1774 2402 Nam
1808 2315 1905 2398 radii
1923 2315 2068 2398 liriaree

634 2463 717 2520 non
742 2446 887 2548 agitant
913 2437 1067 2536 media,
1098 2474 1182 2553 quae
1209 2467 1432 2553 permeant,
1465 2444 1530 2522 nist
1559 2451 1599 2522 in
1632 2437 1837 2518 reflexione
1858 2448 1900 2518 dt
1923 2434 2069 2518 reliac-

635 2562 757 2640 tione.
819 2559 1015 2641 Particulae
1044 2561 1280 2644 telleslentes
1302 2564 1347 2643 eal
1367 2565 1517 2643 amone
1545 2551 1734 2639 calciaria
1752 2553 1978 2636 calefacient
1995 2583 2069 2635 au·

635 2699 720 2754 ram
746 2673 949 2755 aetheream
980 2685 1041 2757 cui
1066 2682 1319 2788 implicantur.
1397 2682 1463 2760 llla
1494 2679 1622 2757 calore
1660 2673 1727 2755 fibi
1764 2681 2065 2758 communicato

567 2849 570 2856 -
635 2793 801 2880 ratefiet,
831 2805 872 2874 dc
894 2795 946 2873 ob
966 2791 1197 2880 diminutam
1220 2802 1264 2880 ei
1290 2806 1439 2879 raritate
1459 2802 1688 2906 gravitatem
1711 2793 1812 2874 suam
1832 2792 2068 2899 specificam„

635 2911 712 3018 qui
738 2913 839 3017 prilrs
868 2909 1049 2994 tendebat
1079 2924 1120 2996 in
1151 2921 1300 3013 lolem,
1330 2910 1507 2998 ascendet
1532 2925 1572 2995 δι
1597 2913 1723 2994 l‘ecum
1748 2919 1868 3020 rapiet
1898 2923 2068 3018 particu-

634 3029 690 3109 las
716 3027 952 3112 reflectentes
975 3061 1021 3113 ex
1051 3032 1188 3142 quibus
1215 3032 1336 3116 cauda
1378 3040 1648 3142 componitur:
1687 3024 1750 3110 Ad
1776 3028 1965 3110 ascensum
1996 3057 2068 3109 va·

635 3171 775 3258 porum
814 3145 1000 3231 conducit
1035 3159 1180 3248 etiam,
1229 3151 1337 3264 quod
1364 3153 1403 3234 hi
1435 3173 1614 3261 gyrantut
1658 3157 1759 3229 circa
1794 3149 1911 3228 solem
1945 3161 1985 3230 de
2014 3146 2065 3227 eir

634 3267 788 3346 amone
813 3293 1000 3351 conantur
1023 3275 1043 3350 a
1074 3269 1149 3352 sole
1181 3269 1391 3367 recedere,
1433 3293 1472 3350 ar
1500 3270 1583 3350 solis
1612 3267 1858 3374 atmosphaera
1879 3280 1919 3350 δι
1940 3289 2066 3347 mate·

634 3389 691 3464 ria
712 3387 911 3477 vcoelorum
944 3389 1003 3466 vel
1031 3389 1141 3496 plane
1174 3391 1352 3500 quiescit,
1385 3390 1446 3472 vel
1474 3413 1581 3468 motu
1610 3389 1687 3467 mlo
1713 3414 1827 3488 quem
1848 3387 1868 3465 ir
1892 3383 1975 3482 solis
2001 3390 2070 3462 ro·-

533 3559 534 3564 =
634 3507 782 3583 tatione
809 3511 1011 3612 acceperit,
1044 3503 1186 3590 tardilrs
1216 3537 1382 3616 gyratur.
1443 3507 1514 3587 Hae
1541 3503 1623 3585 sunt
1650 3503 1766 3584 causa
1785 3501 1949 3585 ascensus
1972 3529 2067 3582 cau.

635 3615 774 3699 darum
808 3628 846 3702 in
887 3625 1024 3703 viciniri
1055 3625 1169 3721 solis,
1213 3627 1279 3707 ubi
1311 3626 1421 3707 orbes
1455 3631 1647 3704 curviores
1673 3621 1784 3717 sunt²
1828 3635 2068 3704 &cometae
2264 3711 2265 3714 Ἴ

637 3733 975 3820 intradensrorem
1002 3754 1040 3824 δε
1068 3746 1111 3823 er
1141 3753 1286 3825 rarione
1305 3753 1519 3848 ¹qraviorem
1549 3739 1632 3822 solis
1649 3739 1938 3849 atmosphaeram
1966 3763 2067 3818 con·

639 3853 796 3952 srstunt,
834 3869 873 3940 &
899 3853 1036 3940 caudas
1058 3869 1171 3967 quim
1197 3863 1424 3972 longissimas
1455 3888 1546 3940 mox
1573 3871 1763 3942 emittunt
1837 3861 1941 3944 Nam
1968 3885 2074 3936 cau-

639 3967 727 4069 dae,
760 4003 843 4082 qua:
870 4000 961 4056 tunc
989 3978 1215 4077 nascuntur,
1248 3975 1508 4061 conservando
1533 4001 1683 4058 motum
1709 3979 1813 4060 suurn
1845 3989 1883 4058 &
1918 3983 2069 4054 interea

640 4092 765 4172 versus
794 4096 910 4173 lolem
940 4094 1195 4204 graritandO,
1241 4095 1498 4181 movebuntur
1525 4107 1626 4178 circa
1662 4097 1776 4178 silem
1811 4103 1847 4175 in
1876 4090 2074 4202 ellrplibust

640 4233 711 4316 pro
743 4237 851 4292 more
881 4205 1080 4319 capitum,
1129 4231 1169 4302 δι
1207 4248 1273 4328 per
1306 4245 1456 4300 morum
1481 4221 1586 4298 illum
1615 4223 1740 4325 capita
1765 4214 1911 4322 semper
1942 4217 2074 4292 comi·

639 4324 822 4412 rabuntur
846 4344 887 4416 or
916 4338 961 4412 iis
989 4333 1185 4420 liberrime
1212 4335 1470 4421 adhaerebunt.
1531 4339 1708 4417 Gravitas
1739 4341 1845 4415 eninr
1877 4355 2072 4442 vaporum

2027 4474 2080 4530 rra

2264 4891 2265 4923 l

2264 4953 2265 4985 l

492 4661 573 4721 ¹70·
677 4655 742 4742 (s)
780 4657 941 4740 *non-est
963 4681 988 4721 a
1003 4669 1238 4764 rariorffrorsur
1257 4671 1377 4730 alituum
1400 4671 1489 4745 (1⁶5·
1503 4662 1533 4740 )ἰ
