<?xml version="1.0" encoding="UTF-8"?>
<!DOCTYPE html PUBLIC "-//W3C//DTD XHTML 1.0 Transitional//EN"
    "http://www.w3.org/TR/xhtml1/DTD/xhtml1-transitional.dtd">
<html xmlns="http://www.w3.org/1999/xhtml" xml:lang="en" lang="en">
 <head>
  <title>
</title>
<meta http-equiv="Content-Type" content="text/html;charset=utf-8" />
  <meta name='ocr-system' content='tesseract 3.04.00' />
  <meta name='ocr-capabilities' content='ocr_page ocr_carea ocr_par ocr_line ocrx_word'/>
</head>
<body>
  <div class='ocr_page' id='page_1' title='image "./philosophiaenat00jacqgoog/philosophiaenat00jacqgoog_0017.png"; bbox 0 0 4482 5658; ppageno 0'>
   <div class='ocr_carea' id='block_1_1' title="bbox 929 1 1022 91">
    <p class='ocr_par' dir='ltr' id='par_1_1' title="bbox 929 1 1022 91">
     <span class='ocr_line' id='line_1_1' title="bbox 929 1 1022 91; baseline 0 -15"><span class='ocrx_word' id='word_1_1' title='bbox 929 1 974 91; x_wconf 70' lang='lat'><strong>⁸,</strong></span> <span class='ocrx_word' id='word_1_2' title='bbox 1021 72 1022 76; x_wconf 74' lang='grc'>,</span> 
     </span>
    </p>
   </div>
   <div class='ocr_carea' id='block_1_2' title="bbox 581 411 1647 525">
    <p class='ocr_par' dir='ltr' id='par_1_2' title="bbox 581 411 1647 525">
     <span class='ocr_line' id='line_1_2' title="bbox 581 411 1647 525; baseline 0.006 -7"><span class='ocrx_word' id='word_1_3' title='bbox 581 463 625 518; x_wconf 77' lang='lat' dir='ltr'><strong>u</strong></span> <span class='ocrx_word' id='word_1_4' title='bbox 719 411 726 433; x_wconf 88' lang='lat'>&#39;</span> <span class='ocrx_word' id='word_1_5' title='bbox 849 467 853 474; x_wconf 92' lang='lat'><em>·</em></span> <span class='ocrx_word' id='word_1_6' title='bbox 978 413 1647 525; x_wconf 78' lang='lat' dir='ltr'><strong>turnonucr1o&#39;</strong></span> 
     </span>
    </p>
   </div>
   <div class='ocr_carea' id='block_1_3' title="bbox 575 567 2008 670">
    <p class='ocr_par' dir='ltr' id='par_1_3' title="bbox 575 567 2008 670">
     <span class='ocr_line' id='line_1_3' title="bbox 575 567 2008 670; baseline -0.001 -28"><span class='ocrx_word' id='word_1_7' title='bbox 575 593 633 642; x_wconf 89' lang='lat' dir='ltr'><strong>rur</strong></span> <span class='ocrx_word' id='word_1_8' title='bbox 652 592 729 664; x_wconf 78' lang='lat' dir='ltr'><strong>quae</strong></span> <span class='ocrx_word' id='word_1_9' title='bbox 756 569 898 643; x_wconf 90' lang='lat' dir='ltr'><strong>eandem</strong></span> <span class='ocrx_word' id='word_1_10' title='bbox 924 567 1012 643; x_wconf 91' lang='lat' dir='ltr'><strong>inter</strong></span> <span class='ocrx_word' id='word_1_11' title='bbox 1038 568 1114 664; x_wconf 83' lang='lat' dir='ltr'><strong>sese·</strong></span> <span class='ocrx_word' id='word_1_12' title='bbox 1138 569 1342 644; x_wconf 53' lang='lat' dir='ltr'><strong>distantiam»</strong></span> <span class='ocrx_word' id='word_1_13' title='bbox 1354 575 1519 670; x_wconf 76' lang='lat' dir='ltr'><strong>perpetuo</strong></span> <span class='ocrx_word' id='word_1_14' title='bbox 1553 575 1683 649; x_wconf 80' lang='lat' dir='ltr'><strong>se’rvant</strong></span> <span class='ocrx_word' id='word_1_15' title='bbox 1697 593 1717 663; x_wconf 81' lang='lat'><strong>3·</strong></span> <span class='ocrx_word' id='word_1_16' title='bbox 1735 567 2008 647; x_wconf 60' lang='lat' dir='ltr'><strong>errassemus</strong></span> 
     </span>
    </p>
   </div>
   <div class='ocr_carea' id='block_1_4' title="bbox 362 666 2011 766">
    <p class='ocr_par' dir='ltr' id='par_1_4' title="bbox 362 666 2011 766">
     <span class='ocr_line' id='line_1_4' title="bbox 362 666 2011 766; baseline -0.001 -24"><span class='ocrx_word' id='word_1_17' title='bbox 362 683 365 691; x_wconf 74' lang='grc'>“</span> <span class='ocrx_word' id='word_1_18' title='bbox 479 687 489 700; x_wconf 69' lang='grc'><em>“</em></span> <span class='ocrx_word' id='word_1_19' title='bbox 578 669 636 742; x_wconf 88' lang='lat' dir='ltr'><strong>seu</strong></span> <span class='ocrx_word' id='word_1_20' title='bbox 660 672 797 742; x_wconf 79' lang='lat' dir='ltr'><strong>Planetae</strong></span> <span class='ocrx_word' id='word_1_21' title='bbox 820 693 984 744; x_wconf 83' lang='lat' dir='ltr'><strong>vocantur</strong></span> <span class='ocrx_word' id='word_1_22' title='bbox 1010 695 1086 766; x_wconf 72' lang='lat' dir='ltr'><strong>quas</strong></span> <span class='ocrx_word' id='word_1_23' title='bbox 1113 669 1284 744; x_wconf 84' lang='lat' dir='ltr'><strong>distantias</strong></span> <span class='ocrx_word' id='word_1_24' title='bbox 1309 666 1378 742; x_wconf 81' lang='lat' dir='ltr'><strong>suas</strong></span> <span class='ocrx_word' id='word_1_25' title='bbox 1406 672 1526 747; x_wconf 75' lang='lat' dir='ltr'><strong>afixis</strong></span> <span class='ocrx_word' id='word_1_26' title='bbox 1551 679 1588 748; x_wconf 94' lang='lat' dir='ltr'><strong>in</strong></span> <span class='ocrx_word' id='word_1_27' title='bbox 1613 678 1685 750; x_wconf 90' lang='lat' dir='ltr'><strong>dies</strong></span> <span class='ocrx_word' id='word_1_28' title='bbox 1704 697 1836 746; x_wconf 89' lang='lat' dir='ltr'><strong>mutant</strong></span> <span class='ocrx_word' id='word_1_29' title='bbox 1862 677 1901 745; x_wconf 78' lang='grc' dir='ltr'><strong>δι</strong></span> <span class='ocrx_word' id='word_1_30' title='bbox 1931 695 2011 741; x_wconf 90' lang='lat' dir='ltr'><strong>mo-</strong></span> 
     </span>
    </p>
   </div>
   <div class='ocr_carea' id='block_1_5' title="bbox 520 763 2042 3189">
    <p class='ocr_par' dir='ltr' id='par_1_5' title="bbox 578 763 2015 1072">
     <span class='ocr_line' id='line_1_5' title="bbox 578 763 2015 872; baseline -0.002 -30"><span class='ocrx_word' id='word_1_31' title='bbox 578 791 617 842; x_wconf 86' lang='lat' dir='ltr'><strong>tu</strong></span> <span class='ocrx_word' id='word_1_32' title='bbox 641 773 778 868; x_wconf 90' lang='lat' dir='ltr'><strong>proprio</strong></span> <span class='ocrx_word' id='word_1_33' title='bbox 799 770 881 842; x_wconf 89' lang='lat' dir='ltr'><strong>ferri</strong></span> <span class='ocrx_word' id='word_1_34' title='bbox 904 767 1164 868; x_wconf 89' lang='lat' dir='ltr'><strong>conspiciuntur.</strong></span> <span class='ocrx_word' id='word_1_35' title='bbox 1232 771 1376 844; x_wconf 85' lang='lat' dir='ltr'><strong>Planetae</strong></span> <span class='ocrx_word' id='word_1_36' title='bbox 1401 775 1476 870; x_wconf 87' lang='lat' dir='ltr'><strong>sunt</strong></span> <span class='ocrx_word' id='word_1_37' title='bbox 1501 776 1626 872; x_wconf 88' lang='lat' dir='ltr'><strong>septem</strong></span> <span class='ocrx_word' id='word_1_38' title='bbox 1646 777 1710 848; x_wconf 90' lang='lat' dir='ltr'><strong>suis</strong></span> <span class='ocrx_word' id='word_1_39' title='bbox 1737 776 1883 870; x_wconf 87' lang='lat' dir='ltr'><strong>propriis</strong></span> <span class='ocrx_word' id='word_1_40' title='bbox 1909 763 2015 865; x_wconf 86' lang='lat' dir='ltr'><strong>lignis</strong></span> 
     </span>
     <span class='ocr_line' id='line_1_6' title="bbox 578 869 2015 968; baseline 0 -27"><span class='ocrx_word' id='word_1_41' title='bbox 578 875 710 958; x_wconf 88' lang='lat' dir='ltr'><strong>notati,</strong></span> <span class='ocrx_word' id='word_1_42' title='bbox 736 871 895 944; x_wconf 85' lang='lat' dir='ltr'><strong>videlicet</strong></span> <span class='ocrx_word' id='word_1_43' title='bbox 917 871 977 944; x_wconf 90' lang='lat' dir='ltr'><strong>Sol</strong></span> <span class='ocrx_word' id='word_1_44' title='bbox 1012 881 1078 960; x_wconf 79' lang='grc' dir='ltr'><strong>Θ,</strong></span> <span class='ocrx_word' id='word_1_45' title='bbox 1105 871 1206 944; x_wconf 89' lang='lat' dir='ltr'><strong>Luna</strong></span> <span class='ocrx_word' id='word_1_46' title='bbox 1236 875 1287 959; x_wconf 72' lang='lat' dir='ltr'><strong>ll,</strong></span> <span class='ocrx_word' id='word_1_47' title='bbox 1324 869 1516 948; x_wconf 86' lang='lat' dir='ltr'><strong>Mercurius</strong></span> <span class='ocrx_word' id='word_1_48' title='bbox 1540 882 1588 964; x_wconf 62' lang='grc' dir='ltr'><strong>ἕ,</strong></span> <span class='ocrx_word' id='word_1_49' title='bbox 1615 875 1732 951; x_wconf 86' lang='lat' dir='ltr'><strong>Venus</strong></span> <span class='ocrx_word' id='word_1_50' title='bbox 1754 871 2015 968; x_wconf 62' lang='lat' dir='ltr'><strong>2„Mars,&lt;?‚</strong></span> 
     </span>
     <span class='ocr_line' id='line_1_7' title="bbox 579 970 1748 1072; baseline 0.003 -30"><span class='ocrx_word' id='word_1_51' title='bbox 579 970 714 1068; x_wconf 89' lang='lat' dir='ltr'>Jupiter</span> <span class='ocrx_word' id='word_1_52' title='bbox 740 983 777 1059; x_wconf 65' lang='grc' dir='ltr'><strong>η,</strong></span> <span class='ocrx_word' id='word_1_53' title='bbox 805 975 844 1044; x_wconf 89' lang='lat'>&amp;</span> <span class='ocrx_word' id='word_1_54' title='bbox 874 973 1037 1044; x_wconf 88' lang='lat' dir='ltr'><strong>Saturnus</strong></span> <span class='ocrx_word' id='word_1_55' title='bbox 1060 981 1118 1059; x_wconf 57' lang='grc' dir='ltr'><strong>τη</strong></span> <span class='ocrx_word' id='word_1_56' title='bbox 1157 970 1274 1045; x_wconf 85' lang='lat' dir='ltr'><strong>Terrae</strong></span> <span class='ocrx_word' id='word_1_57' title='bbox 1302 971 1388 1044; x_wconf 77' lang='lat' dir='ltr'><strong>verb</strong></span> <span class='ocrx_word' id='word_1_58' title='bbox 1411 972 1543 1072; x_wconf 88' lang='lat' dir='ltr'><strong>srgnum</strong></span> <span class='ocrx_word' id='word_1_59' title='bbox 1564 977 1611 1051; x_wconf 88' lang='lat' dir='ltr'><strong>est</strong></span> <span class='ocrx_word' id='word_1_60' title='bbox 1629 981 1748 1062; x_wconf 64' lang='lat' dir='ltr'><strong>hocss.</strong></span> 
     </span>
    </p>

    <p class='ocr_par' dir='ltr' id='par_1_6' title="bbox 520 1067 2025 1884">
     <span class='ocr_line' id='line_1_8' title="bbox 629 1067 2025 1173; baseline -0.007 -29"><span class='ocrx_word' id='word_1_61' title='bbox 629 1097 665 1170; x_wconf 72' lang='lat' dir='ltr'><strong>q„</strong></span> <span class='ocrx_word' id='word_1_62' title='bbox 695 1075 868 1170; x_wconf 72' lang='lat' dir='ltr'><strong>Eclt&#39;prr&#39;ca·</strong></span> <span class='ocrx_word' id='word_1_63' title='bbox 887 1067 934 1144; x_wconf 91' lang='lat' dir='ltr'><strong>est</strong></span> <span class='ocrx_word' id='word_1_64' title='bbox 963 1073 1108 1144; x_wconf 85' lang='lat' dir='ltr'><strong>cireulus</strong></span> <span class='ocrx_word' id='word_1_65' title='bbox 1138 1069 1271 1166; x_wconf 84' lang='lat' dir='ltr'><strong>sphaerae</strong></span> <span class='ocrx_word' id='word_1_66' title='bbox 1297 1072 1465 1148; x_wconf 83' lang='lat' dir='ltr'><strong>maximus</strong></span> <span class='ocrx_word' id='word_1_67' title='bbox 1499 1103 1602 1173; x_wconf 85' lang='lat' dir='ltr'><strong>quem</strong></span> <span class='ocrx_word' id='word_1_68' title='bbox 1634 1097 1787 1150; x_wconf 87' lang='lat' dir='ltr'>centrum</span> <span class='ocrx_word' id='word_1_69' title='bbox 1817 1068 1898 1142; x_wconf 92' lang='lat' dir='ltr'><strong>solis</strong></span> <span class='ocrx_word' id='word_1_70' title='bbox 1918 1089 2025 1138; x_wconf 65' lang='lat' dir='ltr'><strong>motu,</strong></span> 
     </span>
     <span class='ocr_line' id='line_1_9' title="bbox 579 1167 2024 1346; baseline -0.006 -104"><span class='ocrx_word' id='word_1_71' title='bbox 579 1174 749 1346; x_wconf 77' lang='lat' dir='ltr'><strong>prpprioAE</strong></span> <span class='ocrx_word' id='word_1_72' title='bbox 741 1177 782 1246; x_wconf 90' lang='lat' dir='ltr'><strong>ab</strong></span> <span class='ocrx_word' id='word_1_73' title='bbox 806 1170 924 1244; x_wconf 90' lang='lat' dir='ltr'><strong>occasu</strong></span> <span class='ocrx_word' id='word_1_74' title='bbox 947 1175 1140 1342; x_wconf 52' lang='lat' dir='ltr'><strong>aqssortqm</strong></span> <span class='ocrx_word' id='word_1_75' title='bbox 1153 1167 1290 1342; x_wconf 71' lang='lat' dir='ltr'><strong>srngplis</strong></span> <span class='ocrx_word' id='word_1_76' title='bbox 1313 1171 1411 1341; x_wconf 51' lang='lat' dir='ltr'><strong>atini?</strong></span> <span class='ocrx_word' id='word_1_77' title='bbox 1444 1177 1636 1254; x_wconf 86' lang='lat' dir='ltr'><strong>describere·</strong></span> <span class='ocrx_word' id='word_1_78' title='bbox 1657 1177 1802 1249; x_wconf 86' lang='lat' dir='ltr'><strong>videtur.</strong></span> <span class='ocrx_word' id='word_1_79' title='bbox 1855 1170 1929 1256; x_wconf 75' lang='lat' dir='ltr'><strong>Hic</strong></span> <span class='ocrx_word' id='word_1_80' title='bbox 1949 1168 2024 1238; x_wconf 65' lang='lat' dir='ltr'><strong>cit·,</strong></span> 
     </span>
     <span class='ocr_line' id='line_1_10' title="bbox 581 1295 1376 1345; baseline -0.003 -2"><span class='ocrx_word' id='word_1_81' title='bbox 581 1296 673 1343; x_wconf 86' lang='lat' dir='ltr'><strong>cuns</strong></span> <span class='ocrx_word' id='word_1_82' title='bbox 778 1296 928 1345; x_wconf 88' lang='lat' dir='ltr'><strong>uatorem</strong></span> <span class='ocrx_word' id='word_1_83' title='bbox 958 1299 979 1343; x_wconf 95' lang='lat' dir='ltr'><strong>o</strong></span> <span class='ocrx_word' id='word_1_84' title='bbox 1015 1297 1075 1344; x_wconf 85' lang='lat' dir='ltr'><strong>ru</strong></span> <span class='ocrx_word' id='word_1_85' title='bbox 1131 1295 1218 1344; x_wconf 87' lang='lat' dir='ltr'><strong>rnter</strong></span> <span class='ocrx_word' id='word_1_86' title='bbox 1233 1295 1304 1344; x_wconf 90' lang='lat' dir='ltr'><strong>ecat</strong></span> <span class='ocrx_word' id='word_1_87' title='bbox 1353 1297 1376 1341; x_wconf 94' lang='lat' dir='ltr'><strong>u</strong></span> 
     </span>
     <span class='ocr_line' id='line_1_11' title="bbox 580 1297 1404 1470; baseline -0.005 -26"><span class='ocrx_word' id='word_1_88' title='bbox 580 1374 706 1470; x_wconf 86' lang='lat' dir='ltr'><strong>angulo</strong></span> <span class='ocrx_word' id='word_1_89' title='bbox 750 1298 975 1446; x_wconf 82' lang='lat' dir='ltr'><strong>iisclinationis</strong></span> <span class='ocrx_word' id='word_1_90' title='bbox 1012 1297 1192 1460; x_wconf 54' lang='grc' dir='ltr'><strong>ἑΈΟ,</strong></span> <span class='ocrx_word' id='word_1_91' title='bbox 1236 1373 1404 1467; x_wconf 87' lang='lat' dir='ltr'><strong>graduum</strong></span> 
     </span>
     <span class='ocr_line' id='line_1_12' title="bbox 584 1475 1403 1583; baseline -0.011 -26"><span class='ocrx_word' id='word_1_92' title='bbox 584 1506 633 1583; x_wconf 78' lang='lat'><strong>23</strong></span> <span class='ocrx_word' id='word_1_93' title='bbox 662 1485 682 1575; x_wconf 64' lang='grc' dir='ltr'><em>ξ</em></span> <span class='ocrx_word' id='word_1_94' title='bbox 709 1482 851 1554; x_wconf 83' lang='lat' dir='ltr'><strong>circiter.</strong></span> <span class='ocrx_word' id='word_1_95' title='bbox 914 1477 1045 1552; x_wconf 74' lang='lat' dir='ltr'><strong>Punua</strong></span> <span class='ocrx_word' id='word_1_96' title='bbox 1082 1482 1152 1551; x_wconf 90' lang='lat' dir='ltr'><strong>duo</strong></span> <span class='ocrx_word' id='word_1_97' title='bbox 1183 1475 1336 1576; x_wconf 74' lang='lat' dir='ltr'><strong>opposita</strong></span> <span class='ocrx_word' id='word_1_98' title='bbox 1367 1482 1403 1550; x_wconf 90' lang='lat' dir='ltr'><strong>in</strong></span> 
     </span>
     <span class='ocr_line' id='line_1_13' title="bbox 582 1584 1496 1683; baseline -0.001 -23"><span class='ocrx_word' id='word_1_99' title='bbox 582 1591 706 1683; x_wconf 90' lang='lat' dir='ltr'><strong>quibus</strong></span> <span class='ocrx_word' id='word_1_100' title='bbox 749 1609 898 1681; x_wconf 82' lang='lat' dir='ltr'><strong>aequatos</strong></span> <span class='ocrx_word' id='word_1_101' title='bbox 932 1587 971 1658; x_wconf 68' lang='grc' dir='ltr'><strong>ἃ</strong></span> <span class='ocrx_word' id='word_1_102' title='bbox 1004 1585 1157 1680; x_wconf 87' lang='lat' dir='ltr'><strong>ecliptica</strong></span> <span class='ocrx_word' id='word_1_103' title='bbox 1189 1584 1255 1657; x_wconf 90' lang='lat' dir='ltr'><strong>sese</strong></span> <span class='ocrx_word' id='word_1_104' title='bbox 1283 1586 1405 1656; x_wconf 85' lang='lat' dir='ltr'><strong>mutub</strong></span> <span class='ocrx_word' id='word_1_105' title='bbox 1492 1651 1496 1659; x_wconf 88' lang='lat'>.</span> 
     </span>
     <span class='ocr_line' id='line_1_14' title="bbox 583 1685 1404 1788; baseline -0.002 -28"><span class='ocrx_word' id='word_1_106' title='bbox 583 1688 692 1763; x_wconf 85' lang='lat' dir='ltr'><strong>secant</strong></span> <span class='ocrx_word' id='word_1_107' title='bbox 711 1686 1002 1788; x_wconf 75' lang='lat' dir='ltr'><strong>‚·AEquinolsialia</strong></span> <span class='ocrx_word' id='word_1_108' title='bbox 1032 1687 1190 1758; x_wconf 86' lang='lat' dir='ltr'><strong>dicuntur</strong></span> <span class='ocrx_word' id='word_1_109' title='bbox 1218 1687 1313 1781; x_wconf 89' lang='lat' dir='ltr'><strong>quod</strong></span> <span class='ocrx_word' id='word_1_110' title='bbox 1338 1685 1404 1758; x_wconf 83' lang='lat' dir='ltr'><strong>sole</strong></span> 
     </span>
     <span class='ocr_line' id='line_1_15' title="bbox 520 1783 1407 1884; baseline -0.008 -23"><span class='ocrx_word' id='word_1_111' title='bbox 520 1845 530 1861; x_wconf 92' lang='lat'><strong><em>.</em></strong></span> <span class='ocrx_word' id='word_1_112' title='bbox 584 1789 620 1861; x_wconf 91' lang='lat' dir='ltr'><strong>in</strong></span> <span class='ocrx_word' id='word_1_113' title='bbox 647 1791 687 1860; x_wconf 90' lang='lat' dir='ltr'><strong>iis</strong></span> <span class='ocrx_word' id='word_1_114' title='bbox 721 1783 829 1884; x_wconf 86' lang='lat' dir='ltr'><strong>postto</strong></span> <span class='ocrx_word' id='word_1_115' title='bbox 863 1787 934 1858; x_wconf 87' lang='lat' dir='ltr'><strong>dies</strong></span> <span class='ocrx_word' id='word_1_116' title='bbox 960 1789 1085 1882; x_wconf 89' lang='lat' dir='ltr'><strong>ubique</strong></span> <span class='ocrx_word' id='word_1_117' title='bbox 1118 1809 1281 1858; x_wconf 90' lang='lat' dir='ltr'><strong>terrarum</strong></span> <span class='ocrx_word' id='word_1_118' title='bbox 1313 1785 1407 1856; x_wconf 59' lang='lat' dir='ltr'><strong>nosti</strong></span> 
     </span>
    </p>

    <p class='ocr_par' dir='ltr' id='par_1_7' title="bbox 584 1883 1409 1984">
     <span class='ocr_line' id='line_1_16' title="bbox 584 1883 1409 1984; baseline -0.007 -23"><span class='ocrx_word' id='word_1_119' title='bbox 584 1888 720 1984; x_wconf 83' lang='lat' dir='ltr'><strong>aequalis</strong></span> <span class='ocrx_word' id='word_1_120' title='bbox 739 1883 802 1973; x_wconf 84' lang='lat' dir='ltr'><strong>stt,</strong></span> <span class='ocrx_word' id='word_1_121' title='bbox 828 1889 867 1958; x_wconf 75' lang='lat' dir='ltr'><strong>ua</strong></span> <span class='ocrx_word' id='word_1_122' title='bbox 888 1885 968 1959; x_wconf 72' lang='lat' dir='ltr'><strong>inda</strong></span> <span class='ocrx_word' id='word_1_123' title='bbox 992 1909 1216 1982; x_wconf 86' lang='lat' dir='ltr'><strong>ternpus-quo</strong></span> <span class='ocrx_word' id='word_1_124' title='bbox 1239 1886 1298 1959; x_wconf 89' lang='lat' dir='ltr'><strong>Sol</strong></span> <span class='ocrx_word' id='word_1_125' title='bbox 1323 1909 1409 1982; x_wconf 91' lang='lat' dir='ltr'><strong>pun-</strong></span> 
     </span>
    </p>

    <p class='ocr_par' dir='ltr' id='par_1_8' title="bbox 547 1985 1409 2082">
     <span class='ocr_line' id='line_1_17' title="bbox 547 1985 1409 2082; baseline -0.006 -21"><span class='ocrx_word' id='word_1_126' title='bbox 547 2041 549 2048; x_wconf 70' lang='lat'><em>,</em></span> <span class='ocrx_word' id='word_1_127' title='bbox 585 1989 681 2061; x_wconf 72' lang='lat' dir='ltr'><strong>slum</strong></span> <span class='ocrx_word' id='word_1_128' title='bbox 721 1989 918 2060; x_wconf 86' lang='lat' dir='ltr'><strong>alterutrum</strong></span> <span class='ocrx_word' id='word_1_129' title='bbox 967 1985 1201 2082; x_wconf 74' lang='lat' dir='ltr'><strong>aequinoctiale</strong></span> <span class='ocrx_word' id='word_1_130' title='bbox 1246 1988 1409 2080; x_wconf 88' lang='lat' dir='ltr'><strong>attingit,</strong></span> 
     </span>
    </p>

    <p class='ocr_par' dir='ltr' id='par_1_9' title="bbox 585 2086 1410 2184">
     <span class='ocr_line' id='line_1_18' title="bbox 585 2086 1410 2184; baseline -0.007 -23"><span class='ocrx_word' id='word_1_131' title='bbox 585 2113 727 2162; x_wconf 86' lang='lat' dir='ltr'><strong>vocatur</strong></span> <span class='ocrx_word' id='word_1_132' title='bbox 750 2087 1004 2184; x_wconf 75' lang='lat' dir='ltr'><strong>aequinoslium.</strong></span> <span class='ocrx_word' id='word_1_133' title='bbox 1067 2086 1236 2158; x_wconf 70' lang='lat' dir='ltr'><strong>Punctum</strong></span> <span class='ocrx_word' id='word_1_134' title='bbox 1258 2088 1410 2182; x_wconf 77' lang='lat' dir='ltr'><strong>aquino-</strong></span> 
     </span>
    </p>

    <p class='ocr_par' dir='ltr' id='par_1_10' title="bbox 586 2185 1534 2284">
     <span class='ocr_line' id='line_1_19' title="bbox 586 2185 1534 2284; baseline -0.007 -22"><span class='ocrx_word' id='word_1_135' title='bbox 586 2190 685 2262; x_wconf 71' lang='lat' dir='ltr'><strong>sliale</strong></span> <span class='ocrx_word' id='word_1_136' title='bbox 711 2191 845 2263; x_wconf 87' lang='lat' dir='ltr'><strong>vernale</strong></span> <span class='ocrx_word' id='word_1_137' title='bbox 868 2185 915 2260; x_wconf 89' lang='lat' dir='ltr'><strong>est</strong></span> <span class='ocrx_word' id='word_1_138' title='bbox 949 2187 1040 2258; x_wconf 74' lang='lat' dir='ltr'><strong>unde</strong></span> <span class='ocrx_word' id='word_1_139' title='bbox 1065 2187 1133 2260; x_wconf 85' lang='lat' dir='ltr'><strong>Sol·</strong></span> <span class='ocrx_word' id='word_1_140' title='bbox 1155 2211 1257 2258; x_wconf 89' lang='lat' dir='ltr'><strong>motu</strong></span> <span class='ocrx_word' id='word_1_141' title='bbox 1273 2187 1420 2284; x_wconf 78' lang='lat' dir='ltr'><strong>proprio·</strong></span> <span class='ocrx_word' id='word_1_142' title='bbox 1529 2193 1534 2211; x_wconf 70' lang='lat'>⁸</span> 
     </span>
    </p>

    <p class='ocr_par' dir='ltr' id='par_1_11' title="bbox 587 2285 1412 2386">
     <span class='ocr_line' id='line_1_20' title="bbox 587 2285 1412 2386; baseline -0.008 -22"><span class='ocrx_word' id='word_1_143' title='bbox 587 2292 706 2364; x_wconf 84' lang='lat' dir='ltr'><strong>verslrs</strong></span> <span class='ocrx_word' id='word_1_144' title='bbox 741 2289 859 2386; x_wconf 89' lang='lat' dir='ltr'><strong>polum</strong></span> <span class='ocrx_word' id='word_1_145' title='bbox 897 2287 1066 2360; x_wconf 81' lang='lat' dir='ltr'><strong>borealem</strong></span> <span class='ocrx_word' id='word_1_146' title='bbox 1106 2286 1252 2358; x_wconf 88' lang='lat' dir='ltr'><strong>ascendit</strong></span> <span class='ocrx_word' id='word_1_147' title='bbox 1285 2289 1322 2357; x_wconf 93' lang='lat' dir='ltr'><strong>in</strong></span> <span class='ocrx_word' id='word_1_148' title='bbox 1360 2285 1412 2357; x_wconf 87' lang='lat' dir='ltr'><strong>E·</strong></span> 
     </span>
    </p>

    <p class='ocr_par' dir='ltr' id='par_1_12' title="bbox 590 2385 1419 2487">
     <span class='ocr_line' id='line_1_21' title="bbox 590 2385 1419 2487; baseline -0.007 -23"><span class='ocrx_word' id='word_1_149' title='bbox 590 2391 750 2487; x_wconf 73' lang='lat' dir='ltr'><strong>diptica,</strong></span> <span class='ocrx_word' id='word_1_150' title='bbox 776 2389 969 2461; x_wconf 88' lang='lat' dir='ltr'><strong>autumnale</strong></span> <span class='ocrx_word' id='word_1_151' title='bbox 989 2387 1073 2460; x_wconf 77' lang='lat' dir='ltr'><strong>verti</strong></span> <span class='ocrx_word' id='word_1_152' title='bbox 1097 2387 1190 2458; x_wconf 72' lang='lat' dir='ltr'><strong>unde</strong></span> <span class='ocrx_word' id='word_1_153' title='bbox 1215 2385 1274 2466; x_wconf 87' lang='lat' dir='ltr'><strong>Sol</strong></span> <span class='ocrx_word' id='word_1_154' title='bbox 1295 2387 1419 2460; x_wconf 78' lang='lat' dir='ltr'><strong>versus</strong></span> 
     </span>
    </p>

    <p class='ocr_par' dir='ltr' id='par_1_13' title="bbox 591 2486 1419 2590">
     <span class='ocr_line' id='line_1_22' title="bbox 591 2486 1419 2590; baseline -0.007 -26"><span class='ocrx_word' id='word_1_155' title='bbox 591 2492 710 2590; x_wconf 89' lang='lat' dir='ltr'><strong>polum</strong></span> <span class='ocrx_word' id='word_1_156' title='bbox 734 2487 907 2562; x_wconf 88' lang='lat' dir='ltr'><strong>australem</strong></span> <span class='ocrx_word' id='word_1_157' title='bbox 925 2486 1096 2562; x_wconf 84' lang='lat' dir='ltr'><strong>descendit</strong></span> <span class='ocrx_word' id='word_1_158' title='bbox 1108 2538 1119 2575; x_wconf 90' lang='lat'>,</span> <span class='ocrx_word' id='word_1_159' title='bbox 1145 2488 1419 2583; x_wconf 68' lang='lat' dir='ltr'><strong>idedqueaequi«</strong></span> 
     </span>
    </p>

    <p class='ocr_par' dir='ltr' id='par_1_14' title="bbox 592 2582 2037 2683">
     <span class='ocr_line' id='line_1_23' title="bbox 592 2582 2037 2683; baseline -0.003 -20"><span class='ocrx_word' id='word_1_160' title='bbox 592 2590 748 2664; x_wconf 56' lang='lat' dir='ltr'><strong>noblium</strong></span> <span class='ocrx_word' id='word_1_161' title='bbox 774 2587 820 2661; x_wconf 90' lang='lat' dir='ltr'><strong>est</strong></span> <span class='ocrx_word' id='word_1_162' title='bbox 845 2582 983 2662; x_wconf 82' lang='lat' dir='ltr'><strong>vernale</strong></span> <span class='ocrx_word' id='word_1_163' title='bbox 1008 2588 1063 2662; x_wconf 88' lang='lat' dir='ltr'><strong>vel</strong></span> <span class='ocrx_word' id='word_1_164' title='bbox 1090 2588 1293 2660; x_wconf 88' lang='lat' dir='ltr'><strong>autumnale.</strong></span> <span class='ocrx_word' id='word_1_165' title='bbox 1368 2587 1497 2661; x_wconf 75' lang='lat' dir='ltr'><strong>Punsl&#39;a</strong></span> <span class='ocrx_word' id='word_1_166' title='bbox 1523 2587 1709 2674; x_wconf 69' lang='lat' dir='ltr'><strong>rosteram</strong></span> <span class='ocrx_word' id='word_1_167' title='bbox 1740 2586 1815 2661; x_wconf 93' lang='lat' dir='ltr'><strong>sunt</strong></span> <span class='ocrx_word' id='word_1_168' title='bbox 1843 2582 2037 2683; x_wconf 63' lang='lat' dir='ltr'><strong>Ecliptica&#39;e-v</strong></span> 
     </span>
    </p>

    <p class='ocr_par' dir='ltr' id='par_1_15' title="bbox 593 2685 2039 2790">
     <span class='ocr_line' id='line_1_24' title="bbox 593 2685 2039 2790; baseline -0.008 -27"><span class='ocrx_word' id='word_1_169' title='bbox 593 2691 720 2790; x_wconf 76' lang='lat' dir='ltr'><strong>punsla</strong></span> <span class='ocrx_word' id='word_1_170' title='bbox 738 2693 807 2763; x_wconf 93' lang='lat' dir='ltr'><strong>duo</strong></span> <span class='ocrx_word' id='word_1_171' title='bbox 831 2685 983 2788; x_wconf 73' lang='lat' dir='ltr'><strong>opposita</strong></span> <span class='ocrx_word' id='word_1_172' title='bbox 1006 2711 1083 2784; x_wconf 80' lang='lat' dir='ltr'><strong>quat</strong></span> <span class='ocrx_word' id='word_1_173' title='bbox 1107 2689 1127 2762; x_wconf 73' lang='lat' dir='ltr'><strong>a</strong></span> <span class='ocrx_word' id='word_1_174' title='bbox 1154 2687 1288 2786; x_wconf 70' lang='lat' dir='ltr'><strong>punslis</strong></span> <span class='ocrx_word' id='word_1_175' title='bbox 1307 2689 1595 2785; x_wconf 70' lang='lat' dir='ltr'><strong>aequinoctialibus</strong></span> <span class='ocrx_word' id='word_1_176' title='bbox 1614 2712 1688 2761; x_wconf 89' lang='lat' dir='ltr'><strong>toto</strong></span> <span class='ocrx_word' id='word_1_177' title='bbox 1716 2688 1830 2761; x_wconf 90' lang='lat' dir='ltr'><strong>circuli</strong></span> <span class='ocrx_word' id='word_1_178' title='bbox 1853 2687 2039 2784; x_wconf 66' lang='lat' dir='ltr'><strong>quadram.</strong></span> 
     </span>
    </p>

    <p class='ocr_par' dir='ltr' id='par_1_16' title="bbox 594 2787 2019 2988">
     <span class='ocr_line' id='line_1_25' title="bbox 594 2787 2019 2890; baseline -0.005 -25"><span class='ocrx_word' id='word_1_179' title='bbox 594 2816 628 2865; x_wconf 91' lang='lat' dir='ltr'><strong>te</strong></span> <span class='ocrx_word' id='word_1_180' title='bbox 655 2787 797 2877; x_wconf 87' lang='lat' dir='ltr'><strong>distant,</strong></span> <span class='ocrx_word' id='word_1_181' title='bbox 822 2813 966 2886; x_wconf 89' lang='lat' dir='ltr'><strong>quaeque</strong></span> <span class='ocrx_word' id='word_1_182' title='bbox 994 2788 1137 2886; x_wconf 70' lang='lat' dir='ltr'><strong>proinde</strong></span> <span class='ocrx_word' id='word_1_183' title='bbox 1165 2787 1312 2860; x_wconf 70' lang='lat' dir='ltr'><strong>maxime</strong></span> <span class='ocrx_word' id='word_1_184' title='bbox 1332 2792 1494 2890; x_wconf 84' lang='lat' dir='ltr'><strong>recedunt</strong></span> <span class='ocrx_word' id='word_1_185' title='bbox 1521 2796 1562 2866; x_wconf 89' lang='lat' dir='ltr'><strong>ab</strong></span> <span class='ocrx_word' id='word_1_186' title='bbox 1582 2815 1749 2886; x_wconf 75' lang='lat' dir='ltr'><strong>aquatore</strong></span> <span class='ocrx_word' id='word_1_187' title='bbox 1775 2791 1813 2863; x_wconf 76' lang='grc' dir='ltr'><strong>δι</strong></span> <span class='ocrx_word' id='word_1_188' title='bbox 1841 2789 2019 2884; x_wconf 81' lang='lat' dir='ltr'><strong>inquibus</strong></span> 
     </span>
     <span class='ocr_line' id='line_1_26' title="bbox 594 2889 2018 2988; baseline -0.007 -24"><span class='ocrx_word' id='word_1_189' title='bbox 594 2891 743 2964; x_wconf 86' lang='lat' dir='ltr'><strong>ascensus</strong></span> <span class='ocrx_word' id='word_1_190' title='bbox 777 2892 865 2965; x_wconf 87' lang='lat' dir='ltr'><strong>Solis</strong></span> <span class='ocrx_word' id='word_1_191' title='bbox 888 2890 986 2986; x_wconf 76' lang='lat' dir='ltr'><strong>supra</strong></span> <span class='ocrx_word' id='word_1_192' title='bbox 1013 2912 1218 2984; x_wconf 84' lang='lat' dir='ltr'><strong>aequatorern</strong></span> <span class='ocrx_word' id='word_1_193' title='bbox 1244 2893 1282 2962; x_wconf 74' lang='grc' dir='ltr'><strong>δι</strong></span> <span class='ocrx_word' id='word_1_194' title='bbox 1318 2889 1491 2965; x_wconf 78' lang='lat' dir='ltr'><strong>descensus</strong></span> <span class='ocrx_word' id='word_1_195' title='bbox 1525 2891 1617 2988; x_wconf 66' lang='lat' dir='ltr'><strong>insrla&#39;</strong></span> <span class='ocrx_word' id='word_1_196' title='bbox 1637 2893 1784 2964; x_wconf 90' lang='lat' dir='ltr'><strong>eundem</strong></span> <span class='ocrx_word' id='word_1_197' title='bbox 1811 2891 2018 2961; x_wconf 87' lang='lat' dir='ltr'><strong>terminatur.</strong></span> 
     </span>
    </p>

    <p class='ocr_par' dir='ltr' id='par_1_17' title="bbox 595 2986 2019 3088">
     <span class='ocr_line' id='line_1_27' title="bbox 595 2986 2019 3088; baseline -0.006 -24"><span class='ocrx_word' id='word_1_198' title='bbox 595 2991 734 3064; x_wconf 91' lang='lat' dir='ltr'><strong>Horum</strong></span> <span class='ocrx_word' id='word_1_199' title='bbox 761 2991 966 3088; x_wconf 73' lang='lat' dir='ltr'><strong>punslorum</strong></span> <span class='ocrx_word' id='word_1_200' title='bbox 1004 2993 1096 3086; x_wconf 92' lang='lat' dir='ltr'><strong>prius</strong></span> <span class='ocrx_word' id='word_1_201' title='bbox 1127 2986 1279 3062; x_wconf 82' lang='lat' dir='ltr'><strong>aestivum</strong></span> <span class='ocrx_word' id='word_1_202' title='bbox 1316 2991 1499 3086; x_wconf 83' lang='lat' dir='ltr'><strong>appellatur</strong></span> <span class='ocrx_word' id='word_1_203' title='bbox 1531 3015 1602 3085; x_wconf 91' lang='lat' dir='ltr'><strong>quo</strong></span> <span class='ocrx_word' id='word_1_204' title='bbox 1632 2993 1807 3062; x_wconf 90' lang='lat' dir='ltr'><strong>nimirum·</strong></span> <span class='ocrx_word' id='word_1_205' title='bbox 1821 2990 2019 3061; x_wconf 86' lang='lat' dir='ltr'><strong>terminantr</strong></span> 
     </span>
    </p>

    <p class='ocr_par' dir='ltr' id='par_1_18' title="bbox 596 3085 2042 3189">
     <span class='ocr_line' id='line_1_28' title="bbox 596 3085 2042 3189; baseline -0.008 -23"><span class='ocrx_word' id='word_1_206' title='bbox 596 3093 685 3166; x_wconf 88' lang='lat' dir='ltr'><strong>Solis</strong></span> <span class='ocrx_word' id='word_1_207' title='bbox 716 3091 864 3164; x_wconf 85' lang='lat' dir='ltr'><strong>ascensus</strong></span> <span class='ocrx_word' id='word_1_208' title='bbox 894 3089 991 3188; x_wconf 71' lang='lat' dir='ltr'><strong>suprb</strong></span> <span class='ocrx_word' id='word_1_209' title='bbox 1009 3114 1212 3186; x_wconf 81' lang='lat' dir='ltr'><strong>aequatorem</strong></span> <span class='ocrx_word' id='word_1_210' title='bbox 1224 3113 1237 3178; x_wconf 86' lang='lat'>3</span> <span class='ocrx_word' id='word_1_211' title='bbox 1263 3087 1424 3188; x_wconf 88' lang='lat' dir='ltr'><strong>posterius</strong></span> <span class='ocrx_word' id='word_1_212' title='bbox 1448 3093 1599 3164; x_wconf 86' lang='lat' dir='ltr'><strong>brumale</strong></span> <span class='ocrx_word' id='word_1_213' title='bbox 1623 3091 1680 3164; x_wconf 90' lang='lat' dir='ltr'><strong>vel</strong></span> <span class='ocrx_word' id='word_1_214' title='bbox 1692 3093 1901 3189; x_wconf 77' lang='lat' dir='ltr'><strong>hybernum.</strong></span> <span class='ocrx_word' id='word_1_215' title='bbox 1954 3085 2042 3173; x_wconf 83' lang='lat' dir='ltr'><strong>Di-.</strong></span> 
     </span>
    </p>
   </div>
   <div class='ocr_carea' id='block_1_6' title="bbox 596 3183 2175 3289">
    <p class='ocr_par' dir='ltr' id='par_1_19' title="bbox 596 3183 2175 3289">
     <span class='ocr_line' id='line_1_29' title="bbox 596 3183 2175 3289; baseline -0.006 -25"><span class='ocrx_word' id='word_1_216' title='bbox 596 3217 718 3265; x_wconf 90' lang='lat' dir='ltr'><strong>cuntur</strong></span> <span class='ocrx_word' id='word_1_217' title='bbox 748 3189 926 3265; x_wconf 87' lang='lat' dir='ltr'><strong>solstitialia</strong></span> <span class='ocrx_word' id='word_1_218' title='bbox 953 3193 1048 3288; x_wconf 89' lang='lat' dir='ltr'><strong>quod</strong></span> <span class='ocrx_word' id='word_1_219' title='bbox 1075 3189 1142 3262; x_wconf 91' lang='lat' dir='ltr'><strong>sole</strong></span> <span class='ocrx_word' id='word_1_220' title='bbox 1167 3193 1202 3262; x_wconf 94' lang='lat' dir='ltr'><strong>in</strong></span> <span class='ocrx_word' id='word_1_221' title='bbox 1225 3193 1265 3263; x_wconf 90' lang='lat' dir='ltr'><strong>iis</strong></span> <span class='ocrx_word' id='word_1_222' title='bbox 1291 3183 1467 3280; x_wconf 85' lang='lat' dir='ltr'><strong>versante,</strong></span> <span class='ocrx_word' id='word_1_223' title='bbox 1502 3217 1560 3289; x_wconf 92' lang='lat' dir='ltr'><strong>per</strong></span> <span class='ocrx_word' id='word_1_224' title='bbox 1579 3193 1708 3288; x_wconf 88' lang='lat' dir='ltr'><strong>aliquot</strong></span> <span class='ocrx_word' id='word_1_225' title='bbox 1731 3194 1803 3262; x_wconf 92' lang='lat' dir='ltr'><strong>dies</strong></span> <span class='ocrx_word' id='word_1_226' title='bbox 1834 3213 1876 3262; x_wconf 88' lang='lat' dir='ltr'><strong>ex</strong></span> <span class='ocrx_word' id='word_1_227' title='bbox 1899 3189 2022 3262; x_wconf 86' lang='lat' dir='ltr'><strong>eodem</strong></span> <span class='ocrx_word' id='word_1_228' title='bbox 2158 3225 2175 3238; x_wconf 86' lang='lat'><em>-</em></span> 
     </span>
    </p>
   </div>
   <div class='ocr_carea' id='block_1_7' title="bbox 469 3287 2126 4394">
    <p class='ocr_par' dir='ltr' id='par_1_20' title="bbox 597 3287 2022 3589">
     <span class='ocr_line' id='line_1_30' title="bbox 598 3287 2021 3390; baseline -0.006 -23"><span class='ocrx_word' id='word_1_229' title='bbox 598 3294 805 3367; x_wconf 86' lang='lat' dir='ltr'><strong>Horizontis</strong></span> <span class='ocrx_word' id='word_1_230' title='bbox 832 3293 961 3390; x_wconf 71' lang='lat' dir='ltr'><strong>punslo</strong></span> <span class='ocrx_word' id='word_1_231' title='bbox 986 3294 1092 3390; x_wconf 85' lang='lat' dir='ltr'><strong>oriri,</strong></span> <span class='ocrx_word' id='word_1_232' title='bbox 1125 3293 1164 3364; x_wconf 81' lang='grc' dir='ltr'><strong>δι</strong></span> <span class='ocrx_word' id='word_1_233' title='bbox 1190 3293 1209 3364; x_wconf 91' lang='lat' dir='ltr'><strong>e&#39;</strong></span> <span class='ocrx_word' id='word_1_234' title='bbox 1230 3292 1396 3386; x_wconf 88' lang='lat' dir='ltr'><strong>regione,</strong></span> <span class='ocrx_word' id='word_1_235' title='bbox 1430 3295 1466 3363; x_wconf 93' lang='lat' dir='ltr'><strong>in</strong></span> <span class='ocrx_word' id='word_1_236' title='bbox 1487 3297 1608 3366; x_wconf 89' lang='lat' dir='ltr'><strong>eodem</strong></span> <span class='ocrx_word' id='word_1_237' title='bbox 1636 3290 1763 3388; x_wconf 67' lang='lat' dir='ltr'><strong>punslo</strong></span> <span class='ocrx_word' id='word_1_238' title='bbox 1786 3292 1938 3362; x_wconf 87' lang='lat' dir='ltr'><strong>occidere</strong></span> <span class='ocrx_word' id='word_1_239' title='bbox 1965 3287 2021 3358; x_wconf 88' lang='lat' dir='ltr'><strong>vi·</strong></span> 
     </span>
     <span class='ocr_line' id='line_1_31' title="bbox 597 3382 2022 3490; baseline -0.006 -24"><span class='ocrx_word' id='word_1_240' title='bbox 597 3391 725 3466; x_wconf 84' lang='lat' dir='ltr'><strong>deatur.</strong></span> <span class='ocrx_word' id='word_1_241' title='bbox 802 3391 957 3490; x_wconf 86' lang='lat' dir='ltr'><strong>Tempus</strong></span> <span class='ocrx_word' id='word_1_242' title='bbox 986 3417 1056 3487; x_wconf 90' lang='lat' dir='ltr'><strong>quo</strong></span> <span class='ocrx_word' id='word_1_243' title='bbox 1090 3393 1150 3465; x_wconf 92' lang='lat' dir='ltr'><strong>Sol</strong></span> <span class='ocrx_word' id='word_1_244' title='bbox 1180 3392 1306 3490; x_wconf 75' lang='lat' dir='ltr'><strong>punsla</strong></span> <span class='ocrx_word' id='word_1_245' title='bbox 1329 3390 1508 3466; x_wconf 86' lang='lat' dir='ltr'><strong>solstitialia</strong></span> <span class='ocrx_word' id='word_1_246' title='bbox 1532 3382 1721 3490; x_wconf 75' lang='lat' dir='ltr'><strong>ingreditur</strong></span> <span class='ocrx_word' id='word_1_247' title='bbox 1743 3413 1883 3463; x_wconf 88' lang='lat' dir='ltr'><strong>vocatur</strong></span> <span class='ocrx_word' id='word_1_248' title='bbox 1904 3382 2022 3462; x_wconf 79' lang='lat' dir='ltr'><strong>Solsli·</strong></span> 
     </span>
     <span class='ocr_line' id='line_1_32' title="bbox 597 3491 1511 3589; baseline -0.001 -23"><span class='ocrx_word' id='word_1_249' title='bbox 597 3497 697 3580; x_wconf 87' lang='lat' dir='ltr'><strong>tium,</strong></span> <span class='ocrx_word' id='word_1_250' title='bbox 723 3495 818 3589; x_wconf 88' lang='lat' dir='ltr'><strong>quod</strong></span> <span class='ocrx_word' id='word_1_251' title='bbox 841 3496 920 3566; x_wconf 74' lang='lat' dir='ltr'><strong>ideo</strong></span> <span class='ocrx_word' id='word_1_252' title='bbox 948 3495 1003 3565; x_wconf 91' lang='lat' dir='ltr'><strong>vel</strong></span> <span class='ocrx_word' id='word_1_253' title='bbox 1028 3491 1188 3564; x_wconf 83' lang='lat' dir='ltr'><strong>aestivum·</strong></span> <span class='ocrx_word' id='word_1_254' title='bbox 1203 3493 1259 3564; x_wconf 88' lang='lat' dir='ltr'><strong>vel</strong></span> <span class='ocrx_word' id='word_1_255' title='bbox 1279 3492 1431 3566; x_wconf 87' lang='lat' dir='ltr'><strong>brumale</strong></span> <span class='ocrx_word' id='word_1_256' title='bbox 1454 3491 1511 3568; x_wconf 88' lang='lat' dir='ltr'><strong>est.</strong></span> 
     </span>
    </p>

    <p class='ocr_par' dir='ltr' id='par_1_21' title="bbox 469 3587 2025 4194">
     <span class='ocr_line' id='line_1_33' title="bbox 649 3587 2022 3693; baseline -0.004 -30"><span class='ocrx_word' id='word_1_257' title='bbox 649 3597 685 3665; x_wconf 82' lang='lat' dir='ltr'><strong>Si</strong></span> <span class='ocrx_word' id='word_1_258' title='bbox 729 3621 785 3665; x_wconf 85' lang='lat' dir='ltr'><strong>um</strong></span> <span class='ocrx_word' id='word_1_259' title='bbox 810 3595 924 3688; x_wconf 69' lang='lat' dir='ltr'><strong>celeste</strong></span> <span class='ocrx_word' id='word_1_260' title='bbox 953 3590 999 3665; x_wconf 89' lang='lat' dir='ltr'><strong>est</strong></span> <span class='ocrx_word' id='word_1_261' title='bbox 1024 3594 1227 3665; x_wconf 88' lang='lat' dir='ltr'><strong>duodecima</strong></span> <span class='ocrx_word' id='word_1_262' title='bbox 1250 3616 1324 3687; x_wconf 88' lang='lat' dir='ltr'><strong>pars</strong></span> <span class='ocrx_word' id='word_1_263' title='bbox 1359 3595 1518 3693; x_wconf 74' lang='lat' dir='ltr'><strong>eclipticas</strong></span> <span class='ocrx_word' id='word_1_264' title='bbox 1544 3597 1586 3688; x_wconf 19' lang='lat' dir='ltr'><strong>&amp;A</strong></span> <span class='ocrx_word' id='word_1_265' title='bbox 1613 3595 1650 3666; x_wconf 89' lang='lat' dir='ltr'><strong>in</strong></span> <span class='ocrx_word' id='word_1_266' title='bbox 1678 3615 1725 3692; x_wconf 81' lang='lat'><strong>30</strong></span> <span class='ocrx_word' id='word_1_267' title='bbox 1753 3593 1876 3684; x_wconf 79' lang='lat' dir='ltr'><strong>grados</strong></span> <span class='ocrx_word' id='word_1_268' title='bbox 1909 3587 2022 3662; x_wconf 84' lang='lat' dir='ltr'><strong>rursus</strong></span> 
     </span>
     <span class='ocr_line' id='line_1_34' title="bbox 598 3620 2022 3791; baseline -0.005 -24"><span class='ocrx_word' id='word_1_269' title='bbox 598 3620 775 3767; x_wconf 68' lang='lat' dir='ltr'><strong>divtsliur.</strong></span> <span class='ocrx_word' id='word_1_270' title='bbox 828 3682 934 3765; x_wconf 89' lang='lat' dir='ltr'><strong>Primi</strong></span> <span class='ocrx_word' id='word_1_271' title='bbox 958 3694 1057 3789; x_wconf 81' lang='lat' dir='ltr'><strong>Signi</strong></span> <span class='ocrx_word' id='word_1_272' title='bbox 1084 3694 1289 3789; x_wconf 87' lang='lat' dir='ltr'><strong>principium</strong></span> <span class='ocrx_word' id='word_1_273' title='bbox 1308 3690 1355 3766; x_wconf 89' lang='lat' dir='ltr'><strong>est</strong></span> <span class='ocrx_word' id='word_1_274' title='bbox 1378 3697 1414 3766; x_wconf 90' lang='lat' dir='ltr'><strong>in</strong></span> <span class='ocrx_word' id='word_1_275' title='bbox 1435 3695 1574 3790; x_wconf 71' lang='lat' dir='ltr'><strong>punslo</strong></span> <span class='ocrx_word' id='word_1_276' title='bbox 1595 3693 1822 3791; x_wconf 71' lang='lat' dir='ltr'><strong>equinotsiali</strong></span> <span class='ocrx_word' id='word_1_277' title='bbox 1850 3687 2022 3766; x_wconf 71' lang='lat' dir='ltr'><strong>vernalia</strong></span> 
     </span>
     <span class='ocr_line' id='line_1_35' title="bbox 599 3791 2022 3893; baseline -0.006 -27"><span class='ocrx_word' id='word_1_278' title='bbox 599 3819 670 3890; x_wconf 89' lang='lat' dir='ltr'><strong>quo</strong></span> <span class='ocrx_word' id='word_1_279' title='bbox 692 3791 784 3890; x_wconf 76' lang='lat' dir='ltr'><strong>signa</strong></span> <span class='ocrx_word' id='word_1_280' title='bbox 805 3797 846 3865; x_wconf 89' lang='lat' dir='ltr'><strong>ab</strong></span> <span class='ocrx_word' id='word_1_281' title='bbox 870 3793 986 3871; x_wconf 86' lang='lat' dir='ltr'><strong>occasu</strong></span> <span class='ocrx_word' id='word_1_282' title='bbox 1011 3793 1047 3864; x_wconf 97' lang='lat' dir='ltr'><strong>in</strong></span> <span class='ocrx_word' id='word_1_283' title='bbox 1074 3818 1186 3864; x_wconf 92' lang='lat' dir='ltr'><strong>ortum</strong></span> <span class='ocrx_word' id='word_1_284' title='bbox 1208 3793 1303 3887; x_wconf 73' lang='lat' dir='ltr'><strong>juxta</strong></span> <span class='ocrx_word' id='word_1_285' title='bbox 1328 3819 1461 3866; x_wconf 92' lang='lat' dir='ltr'><strong>motum</strong></span> <span class='ocrx_word' id='word_1_286' title='bbox 1485 3798 1659 3893; x_wconf 91' lang='lat' dir='ltr'><strong>proprium</strong></span> <span class='ocrx_word' id='word_1_287' title='bbox 1682 3796 1771 3869; x_wconf 87' lang='lat' dir='ltr'><strong>Solis</strong></span> <span class='ocrx_word' id='word_1_288' title='bbox 1793 3812 2022 3871; x_wconf 84' lang='lat' dir='ltr'><strong>numerantur.</strong></span> 
     </span>
     <span class='ocr_line' id='line_1_36' title="bbox 600 3887 2025 3996; baseline -0.006 -27"><span class='ocrx_word' id='word_1_289' title='bbox 600 3895 669 3969; x_wconf 85' lang='lat' dir='ltr'><strong>Sex</strong></span> <span class='ocrx_word' id='word_1_290' title='bbox 699 3895 774 3990; x_wconf 92' lang='lat' dir='ltr'><strong>sunt</strong></span> <span class='ocrx_word' id='word_1_291' title='bbox 795 3896 940 3978; x_wconf 84' lang='lat' dir='ltr'><strong>borealia</strong></span> <span class='ocrx_word' id='word_1_292' title='bbox 964 3919 1023 3990; x_wconf 88' lang='lat' dir='ltr'><strong>per</strong></span> <span class='ocrx_word' id='word_1_293' title='bbox 1046 3895 1216 3996; x_wconf 80' lang='lat' dir='ltr'><strong>borealem</strong></span> <span class='ocrx_word' id='word_1_294' title='bbox 1245 3887 1407 3990; x_wconf 65' lang='lat' dir='ltr'><strong>scsrpricae</strong></span> <span class='ocrx_word' id='word_1_295' title='bbox 1436 3905 1568 3993; x_wconf 81' lang='lat' dir='ltr'><strong>par&#39;tem·</strong></span> <span class='ocrx_word' id='word_1_296' title='bbox 1589 3893 1788 3982; x_wconf 81' lang='lat' dir='ltr'><strong>distributa,</strong></span> <span class='ocrx_word' id='word_1_297' title='bbox 1822 3893 1942 3990; x_wconf 89' lang='lat' dir='ltr'><strong>hisque</strong></span> <span class='ocrx_word' id='word_1_298' title='bbox 1961 3914 2025 3960; x_wconf 84' lang='lat' dir='ltr'><strong>no-</strong></span> 
     </span>
     <span class='ocr_line' id='line_1_37' title="bbox 600 3991 2024 4090; baseline -0.004 -24"><span class='ocrx_word' id='word_1_299' title='bbox 600 3997 748 4066; x_wconf 77' lang='lat' dir='ltr'><strong>minibus</strong></span> <span class='ocrx_word' id='word_1_300' title='bbox 774 4019 812 4066; x_wconf 89' lang='lat' dir='ltr'><strong>ac</strong></span> <span class='ocrx_word' id='word_1_301' title='bbox 837 3995 1080 4068; x_wconf 66' lang='lat' dir='ltr'><strong>charasleribus</strong></span> <span class='ocrx_word' id='word_1_302' title='bbox 1109 3991 1303 4090; x_wconf 78' lang='lat' dir='ltr'><strong>defignata:</strong></span> <span class='ocrx_word' id='word_1_303' title='bbox 1329 3993 1433 4072; x_wconf 84' lang='lat' dir='ltr'><strong>Aries</strong></span> <span class='ocrx_word' id='word_1_304' title='bbox 1460 4011 1524 4085; x_wconf 67' lang='grc' dir='ltr'><strong>Υ,</strong></span> <span class='ocrx_word' id='word_1_305' title='bbox 1550 3997 1683 4070; x_wconf 87' lang='lat' dir='ltr'><strong>Taurus</strong></span> <span class='ocrx_word' id='word_1_306' title='bbox 1708 4007 1764 4082; x_wconf 68' lang='lat'><strong>8,</strong></span> <span class='ocrx_word' id='word_1_307' title='bbox 1790 3995 1930 4068; x_wconf 89' lang='lat' dir='ltr'><strong>Gemini</strong></span> <span class='ocrx_word' id='word_1_308' title='bbox 1956 4013 2024 4075; x_wconf 74' lang='grc' dir='ltr'><strong>π,</strong></span> 
     </span>
     <span class='ocr_line' id='line_1_38' title="bbox 469 4093 2025 4194; baseline -0.004 -26"><span class='ocrx_word' id='word_1_309' title='bbox 469 4133 472 4140; x_wconf 94' lang='grc'><strong><em>·</em></strong></span> <span class='ocrx_word' id='word_1_310' title='bbox 499 4183 506 4194; x_wconf 31' lang='lat'><strong>¹</strong></span> <span class='ocrx_word' id='word_1_311' title='bbox 601 4097 732 4169; x_wconf 89' lang='lat' dir='ltr'><strong>Cancer</strong></span> <span class='ocrx_word' id='word_1_312' title='bbox 755 4115 824 4182; x_wconf 73' lang='lat' dir='ltr'><strong>oj,</strong></span> <span class='ocrx_word' id='word_1_313' title='bbox 852 4095 926 4167; x_wconf 91' lang='lat' dir='ltr'><strong>Leo</strong></span> <span class='ocrx_word' id='word_1_314' title='bbox 950 4105 1009 4182; x_wconf 69' lang='lat' dir='ltr'><strong>at,</strong></span> <span class='ocrx_word' id='word_1_315' title='bbox 1035 4093 1146 4191; x_wconf 88' lang='lat' dir='ltr'><strong>Virgo</strong></span> <span class='ocrx_word' id='word_1_316' title='bbox 1173 4115 1225 4184; x_wconf 73' lang='lat' dir='ltr'><strong>np.</strong></span> <span class='ocrx_word' id='word_1_317' title='bbox 1280 4095 1349 4168; x_wconf 82' lang='lat' dir='ltr'><strong>Sex</strong></span> <span class='ocrx_word' id='word_1_318' title='bbox 1374 4098 1476 4169; x_wconf 82' lang='lat' dir='ltr'><strong>etiam</strong></span> <span class='ocrx_word' id='word_1_319' title='bbox 1494 4095 1644 4170; x_wconf 83' lang='lat' dir='ltr'><strong>australia</strong></span> <span class='ocrx_word' id='word_1_320' title='bbox 1666 4097 1823 4171; x_wconf 88' lang='lat' dir='ltr'><strong>videlicet</strong></span> <span class='ocrx_word' id='word_1_321' title='bbox 1844 4093 1949 4165; x_wconf 88' lang='lat' dir='ltr'><strong>Libra</strong></span> <span class='ocrx_word' id='word_1_322' title='bbox 1966 4101 2025 4175; x_wconf 57' lang='grc' dir='ltr'><strong>ὲ,</strong></span> 
     </span>
    </p>

    <p class='ocr_par' dir='ltr' id='par_1_22' title="bbox 503 4193 2126 4394">
     <span class='ocr_line' id='line_1_39' title="bbox 503 4193 2126 4292; baseline 0.002 -23"><span class='ocrx_word' id='word_1_323' title='bbox 503 4215 509 4228; x_wconf 90' lang='grc'><em>·</em></span> <span class='ocrx_word' id='word_1_324' title='bbox 602 4197 762 4292; x_wconf 86' lang='lat' dir='ltr'><strong>Scorpius</strong></span> <span class='ocrx_word' id='word_1_325' title='bbox 789 4213 852 4282; x_wconf 76' lang='grc' dir='ltr'><strong>ιη,</strong></span> <span class='ocrx_word' id='word_1_326' title='bbox 893 4195 1091 4290; x_wconf 85' lang='lat' dir='ltr'><strong>Sagittarius</strong></span> <span class='ocrx_word' id='word_1_327' title='bbox 1121 4209 1222 4284; x_wconf 45' lang='grc' dir='ltr'><strong>Ἀ,</strong></span> <span class='ocrx_word' id='word_1_328' title='bbox 1250 4193 1475 4290; x_wconf 89' lang='lat' dir='ltr'><strong>Capricornus</strong></span> <span class='ocrx_word' id='word_1_329' title='bbox 1500 4207 1538 4279; x_wconf 54' lang='lat'><strong>¹8</strong></span> <span class='ocrx_word' id='word_1_330' title='bbox 1571 4199 1625 4273; x_wconf 87' lang='lat' dir='ltr'><strong>vel</strong></span> <span class='ocrx_word' id='word_1_331' title='bbox 1658 4195 1726 4283; x_wconf 59' lang='lat' dir='ltr'><strong>br}</strong></span> <span class='ocrx_word' id='word_1_332' title='bbox 1757 4195 1931 4290; x_wconf 82' lang='lat' dir='ltr'><strong>Aquarius</strong></span> <span class='ocrx_word' id='word_1_333' title='bbox 1955 4213 2024 4272; x_wconf 58' lang='lat' dir='ltr'><strong>m,</strong></span> <span class='ocrx_word' id='word_1_334' title='bbox 2113 4215 2126 4246; x_wconf 81' lang='lat'>’</span> 
     </span>
     <span class='ocr_line' id='line_1_40' title="bbox 601 4289 2025 4394; baseline -0.008 -24"><span class='ocrx_word' id='word_1_335' title='bbox 601 4296 710 4370; x_wconf 87' lang='lat' dir='ltr'><strong>Pisces</strong></span> <span class='ocrx_word' id='word_1_336' title='bbox 736 4307 776 4379; x_wconf 89' lang='lat'><strong>)(.</strong></span> <span class='ocrx_word' id='word_1_337' title='bbox 830 4293 960 4381; x_wconf 85' lang='lat' dir='ltr'><strong>Aries,</strong></span> <span class='ocrx_word' id='word_1_338' title='bbox 994 4293 1129 4366; x_wconf 88' lang='lat' dir='ltr'><strong>Taurus</strong></span> <span class='ocrx_word' id='word_1_339' title='bbox 1158 4318 1196 4364; x_wconf 89' lang='lat' dir='ltr'><strong>ac</strong></span> <span class='ocrx_word' id='word_1_340' title='bbox 1224 4295 1363 4368; x_wconf 86' lang='lat' dir='ltr'><strong>Gemini</strong></span> <span class='ocrx_word' id='word_1_341' title='bbox 1380 4321 1456 4393; x_wconf 76' lang='lat' dir='ltr'><strong>quae</strong></span> <span class='ocrx_word' id='word_1_342' title='bbox 1482 4301 1569 4371; x_wconf 88' lang='lat' dir='ltr'><strong>inter</strong></span> <span class='ocrx_word' id='word_1_343' title='bbox 1596 4297 1762 4394; x_wconf 78' lang='lat' dir='ltr'><strong>punslum</strong></span> <span class='ocrx_word' id='word_1_344' title='bbox 1791 4289 2025 4389; x_wconf 77' lang='lat' dir='ltr'><strong>equinorliale</strong></span> 
     </span>
    </p>
   </div>
   <div class='ocr_carea' id='block_1_8' title="bbox 563 4391 2025 4596">
    <p class='ocr_par' dir='ltr' id='par_1_23' title="bbox 563 4391 2025 4596">
     <span class='ocr_line' id='line_1_41' title="bbox 599 4391 2025 4496; baseline -0.005 -28"><span class='ocrx_word' id='word_1_345' title='bbox 599 4421 745 4470; x_wconf 88' lang='lat' dir='ltr'><strong>vernum</strong></span> <span class='ocrx_word' id='word_1_346' title='bbox 763 4399 801 4468; x_wconf 74' lang='grc' dir='ltr'><strong>δι</strong></span> <span class='ocrx_word' id='word_1_347' title='bbox 830 4394 994 4490; x_wconf 72' lang='lat' dir='ltr'><strong>punslum</strong></span> <span class='ocrx_word' id='word_1_348' title='bbox 1017 4391 1180 4467; x_wconf 86' lang='lat' dir='ltr'><strong>solstitiale</strong></span> <span class='ocrx_word' id='word_1_349' title='bbox 1203 4393 1356 4468; x_wconf 83' lang='lat' dir='ltr'><strong>aestivum</strong></span> <span class='ocrx_word' id='word_1_350' title='bbox 1375 4400 1588 4474; x_wconf 87' lang='lat' dir='ltr'><strong>continentur</strong></span> <span class='ocrx_word' id='word_1_351' title='bbox 1612 4401 1772 4472; x_wconf 88' lang='lat' dir='ltr'><strong>dicuntur</strong></span> <span class='ocrx_word' id='word_1_352' title='bbox 1794 4391 1887 4496; x_wconf 85' lang='lat' dir='ltr'><strong>srgna</strong></span> <span class='ocrx_word' id='word_1_353' title='bbox 1905 4413 2025 4464; x_wconf 80' lang='lat' dir='ltr'><strong>verm·</strong></span> 
     </span>
     <span class='ocr_line' id='line_1_42' title="bbox 563 4489 2025 4596; baseline -0.007 -26"><span class='ocrx_word' id='word_1_354' title='bbox 563 4539 570 4548; x_wconf 93' lang='lat'>·</span> <span class='ocrx_word' id='word_1_355' title='bbox 600 4497 669 4584; x_wconf 83' lang='lat' dir='ltr'><strong>lia3</strong></span> <span class='ocrx_word' id='word_1_356' title='bbox 694 4495 969 4582; x_wconf 84' lang='lat' dir='ltr'><strong>Cancer,·Leo‚</strong></span> <span class='ocrx_word' id='word_1_357' title='bbox 1005 4493 1118 4588; x_wconf 85' lang='lat' dir='ltr'><strong>Virgo</strong></span> <span class='ocrx_word' id='word_1_358' title='bbox 1143 4495 1164 4565; x_wconf 74' lang='lat' dir='ltr'><strong>a</strong></span> <span class='ocrx_word' id='word_1_359' title='bbox 1186 4493 1344 4568; x_wconf 84' lang='lat' dir='ltr'><strong>solstitiali</strong></span> <span class='ocrx_word' id='word_1_360' title='bbox 1368 4496 1482 4570; x_wconf 84' lang='lat' dir='ltr'><strong>aestivo</strong></span> <span class='ocrx_word' id='word_1_361' title='bbox 1512 4502 1555 4570; x_wconf 92' lang='lat' dir='ltr'><strong>ad</strong></span> <span class='ocrx_word' id='word_1_362' title='bbox 1578 4497 1811 4596; x_wconf 69' lang='lat' dir='ltr'><strong>aequinosliale</strong></span> <span class='ocrx_word' id='word_1_363' title='bbox 1834 4489 2025 4566; x_wconf 85' lang='lat' dir='ltr'><strong>autumnale</strong></span> 
     </span>
    </p>
   </div>
   <div class='ocr_carea' id='block_1_9' title="bbox 564 4592 2029 4784">
    <p class='ocr_par' dir='ltr' id='par_1_24' title="bbox 564 4592 2029 4784">
     <span class='ocr_line' id='line_1_43' title="bbox 564 4592 2027 4766; baseline 0.01 -119"><span class='ocrx_word' id='word_1_364' title='bbox 564 4641 570 4648; x_wconf 91' lang='lat'><em>.</em></span> <span class='ocrx_word' id='word_1_365' title='bbox 597 4621 775 4672; x_wconf 82' lang='lat' dir='ltr'><strong>numerata</strong></span> <span class='ocrx_word' id='word_1_366' title='bbox 802 4595 1008 4694; x_wconf 85' lang='lat' dir='ltr'><strong>appellantur</strong></span> <span class='ocrx_word' id='word_1_367' title='bbox 1036 4592 1171 4682; x_wconf 81' lang='lat' dir='ltr'><strong>aestiva3</strong></span> <span class='ocrx_word' id='word_1_368' title='bbox 1208 4595 1336 4686; x_wconf 86' lang='lat' dir='ltr'><strong>Libra,</strong></span> <span class='ocrx_word' id='word_1_369' title='bbox 1363 4597 1522 4698; x_wconf 84' lang='lat' dir='ltr'><strong>Scorpius</strong></span> <span class='ocrx_word' id='word_1_370' title='bbox 1551 4601 1590 4678; x_wconf 84' lang='lat'>&amp;</span> <span class='ocrx_word' id='word_1_371' title='bbox 1623 4599 1820 4704; x_wconf 82' lang='lat' dir='ltr'><strong>Sagittarius</strong></span> <span class='ocrx_word' id='word_1_372' title='bbox 1845 4613 2027 4766; x_wconf 55' lang='lat' dir='ltr'><strong>cutumffi:</strong></span> 
     </span>
     <span class='ocr_line' id='line_1_44' title="bbox 1816 4733 2029 4784; baseline -0.019 4"><span class='ocrx_word' id='word_1_373' title='bbox 1816 4755 1819 4762; x_wconf 91' lang='lat'>·</span> <span class='ocrx_word' id='word_1_374' title='bbox 2012 4733 2029 4784; x_wconf 83' lang='lat' dir='ltr'><strong>a</strong></span> 
     </span>
    </p>
   </div>
   <div class='ocr_carea' id='block_1_10' title="bbox 0 0 2278 5652">
    <p class='ocr_par' dir='ltr' id='par_1_25' title="bbox 0 0 2278 5652">
     <span class='ocr_line' id='line_1_45' title="bbox 0 0 2278 5652; baseline 0 0"><span class='ocrx_word' id='word_1_375' title='bbox 0 0 2278 5652; x_wconf 95' lang='lat' dir='ltr'><strong> </strong></span> 
     </span>
    </p>
   </div>
  </div>
 </body>
</html>
