4482 5658
423 463 524 545 AD
576 459 971 543 TERTIUM
1024 463 1373 556 LIBRUM.
1483 495 1611 555 iiiiii

184 619 261 699 qnae
292 599 460 698 planetam
494 600 809 697 comprehendunt,
844 622 961 672 notam
999 595 1074 673 fieri
1106 599 1250 675 Planetae
1289 603 1491 676 diametrum
1521 584 1621 702 appa·

184 726 324 974 reg?
352 799 445 876 Dati
478 803 701 884 declinatione
730 803 769 876 δι
801 795 987 876 ascensione
1016 799 1108 875 recti
1131 797 1229 874 stellae
1264 799 1363 892 finite,
1391 805 1536 877 inveniri
1563 825 1626 902 po-¹

183 927 219 975 te

268 905 402 976 alterius
420 902 518 976 slellae
535 903 715 976 declinatio
733 908 773 976 dc
795 901 937 977 ascensio
951 903 1065 989 reeta,
1092 906 1199 974 modo
1222 929 1335 976 tamen
1348 909 1423 976 duae
1445 907 1509 977 illae
1525 905 1624 978 stellae

182 1001 318 1076 transire
342 1000 483 1075 vicissim
509 1000 628 1100 possuit
653 1025 712 1100 per
735 1028 890 1102 campum
918 1003 1088 1098 telescopii
1111 1006 1256 1075 immoti.
1313 1004 1369 1077 Ita
1392 1009 1484 1077 enim
1509 1008 1625 1104 dispo-

183 1129 306 1178 nantur
331 1101 390 1176 sila
410 1105 563 1200 parallela
584 1107 792 1176 micrometri
813 1128 851 1176 ut
872 1127 984 1176 motus
1010 1107 1151 1174 diurnus
1172 1103 1269 1176 stellae
1288 1127 1363 1200 qute
1386 1107 1522 1178 alteram
1540 1133 1624 1204 prae-

182 1205 274 1277 cedit
301 1201 360 1278 fiat
385 1203 482 1302 super
509 1229 616 1276 unum
643 1230 686 1276 eii
713 1205 778 1277 illis
803 1203 899 1277 VG.
950 1205 1059 1298 Super
1084 1203 1160 1288 ab,
1187 1207 1221 1274 in
1246 1229 1316 1299 quo
1341 1201 1404 1277 situ
1428 1203 1623 1296 blamed,

182 1330 331 1402 exponet
366 1309 558 1402 portionem
595 1306 754 1400 exiguam
782 1305 929 1402 paralleli
963 1327 1066 1400 quem
1105 1299 1195 1374 flella
1232 1304 1418 1392 describit,
1456 1310 1495 1380 dc
1523 1305 1622 1379 filum

179 1405 260 1478 iii
281 1407 367 1480 illud
388 1407 432 1478 ad
462 1404 603 1501 angulos
631 1406 743 1478 rectos
767 1405 992 1490 intersecans,
1019 1405 1182 1474 circulum
1205 1403 1351 1498 aliquem
1377 1407 1619 1482 declinationis.

180 1505 333 1580 Notetui
372 1509 532 1602 temporis
562 1529 773 1580 momentum
797 1531 867 1602 quo
900 1501 991 1578 stella
1023 1505 1213 1600 praecedens
1239 1502 1298 1576 filo
1332 1507 1622 1581 transversalioc·

180 1612 286 1680 currit
319 1611 354 1678 in
382 1631 428 1677 m.
481 1607 643 1680 Similiter
678 1605 821 1677 immoto
853 1603 1033 1700 telescopio
1066 1603 1262 1676 observetur
1298 1629 1430 1701 tempus
1462 1608 1622 1704 appuliits

181 1711 316 1780 alterius
337 1707 393 1779 seu
423 1706 589 1801 sequentis
621 1703 735 1778 sideris
763 1709 807 1778 ad
826 1709 917 1778 idem
939 1702 1036 1774 filum
1053 1704 1264 1778 transversale
1284 1705 1340 1778 seu
1374 1709 1538 1778 circulum
1561 1714 1622 1784 de-

178 1810 399 1891 clinationis,
441 1811 480 1880 dc
507 1805 679 1880 siinrerea
713 1803 809 1878 filum
836 1805 1027 1902 parallelum
1056 1805 1181 1876 mobile
1209 1805 1280 1877 hL
1294 1855 1306 1892 ,
1337 1803 1435 1878 fideti
1460 1811 1540 1880 huic
1563 1837 1622 1908 ap-

179 1931 269 1984 tetur
285 1919 309 2000 ,'
323 1911 468 1980 immoto
488 1931 649 1980 manente
682 1910 899 1980 micrometto
924 1927 989 2000 ope
1024 1901 1185 1976 distantiae
1214 1928 1249 1974 m
1263 1931 1308 1993 x,
1343 1904 1479 1978 filorum
1503 1912 1554 1984 ab
1578 1915 1618 1984 dc

180 2011 276 2092 hL,
315 2007 504 2082 distantiam
533 2031 746 2106 apparentem
783 2011 871 2080 inter
907 2005 1078 2103 parallelos
1117 1999 1264 2076 siderum
1300 2009 1447 2078 duorum
1472 2021 1547 2103 q'uae
1573 2010 1621 2084 est

180 2109 373 2184 differentia
398 2111 631 2182 declinationis
654 2102 823 2189 siderum,
849 2108 1086 2178 obtinebimus.
1139 2106 1209 2178 Sed
1232 2101 1255 2174 si
1276 2103 1466 2180 differentia
1484 2134 1619 2206 tempo·

178 2216 224 2283 ris
252 2215 341 2285 inter
368 2209 542 2306 utriusque
570 2205 683 2282 sideris
713 2205 886 2281 transtrum
904 2230 964 2302 per
986 2203 1083 2276 filum
1103 2204 1316 2279 transversale
1335 2210 1371 2278 in
1399 2210 1530 2282 minuta
1551 2235 1619 2284 tam

177 2316 286 2408 prima
309 2335 412 2409 quam
438 2309 581 2384 secunda
603 2307 726 2406 gradis
755 2329 969 2384 convertatur
994 2309 1094 2402 (16)
1121 2299 1346 2381 differentiam
1366 2305 1619 2386 ascensionaleni

178 2409 325 2487 fiderum
356 2415 563 2486 habebimus.

225 2541 290 2616 40.
345 2513 434 2588 Hac
467 2515 657 2589 observatio
689 2515 847 2614 supponit
876 2513 1008 2587 nullum
1035 2501 1099 2589 esse
1134 2503 1248 2589 sideris
1282 2529 1414 2589 motum
1442 2516 1618 2615 proprium

176 2619 372 2711 nullamque
403 2615 606 2713 paiallaxim.
659 2619 696 2690 Si
724 2615 813 2688 sidus
835 2639 967 2687 motum
994 2619 1169 2713 proprium
1199 2619 1340 2704 habeat,
1366 2618 1462 2690 illum
1484 2641 1619 2714 oportet

176 2742 219 2792 eii
245 2718 535 2791 observationibus
561 2720 786 2790 determinare
813 2719 927 2812 quoad
951 2718 1211 2792 declinationem
1237 2719 1276 2789 &
1303 2714 1523 2790 ascensionem
1544 2743 1619 2790 tec·

174 2841 244 2890 tam
269 2817 428 2912 illitisque
455 2819 620 2892 tationem
647 2819 779 2891 habere.
860 2814 946 2903 Quo
979 2817 1139 2914 pentadio,
1175 2815 1198 2888 fi
1225 2820 1335 2912 aliqua
1356 2815 1395 2891 fit
1419 2814 1532 2890 sideris
1559 2845 1621 2914 pa·

172 2921 306 2991 rallaxis
333 2921 457 3014 poterit
481 2919 531 2992 ita
556 2921 706 3014 reperiri.
763 2913 975 2992 observetur
999 2913 1113 2990 fiderit
1135 2921 1179 2990 ad
1203 2921 1427 2992 meridianum
1439 2931 1489 3014 'ap
1514 2919 1620 2992 ellen-

171 3023 214 3092 tis
250 3017 394 3094 ascensio
431 3020 523 3092 recta
543 3043 637 3113 ·quae
660 3020 817 3114 parallaxi
850 3017 999 3090 obnoxia
1024 3043 1093 3090 non
1127 3017 1173 3090 esl
1196 3023 1322 3120 (33),
1357 3021 1397 3092 dc
1433 3021 1468 3091 di
1496 3023 1621 3093 erentia

170 3119 261 3194 inter
289 3125 375 3194 hanc
400 3118 622 3194 ascensionem
647 3119 775 3192 tesiam
800 3113 914 3190 fideris
949 3121 985 3190 in
1020 3121 1210 3194 meridiano
1239 3119 1407 3194 existentis
1434 3121 1473 3193 dc
1507 3121 1620 3193 ascen-

169 3213 302 3294 sionem
327 3223 453 3295 rectam
480 3220 628 3314 ejusdem
658 3216 773 3294 sideris
809 3221 888 3289 alibi
919 3217 1089 3294 existentis
1127 3220 1361 3308 observatam,
1387 3222 1451 3292 erit
1479 3223 1622 3317 paralla-

170 3323 223 3394 itis
257 3321 454 3397 ascensionis
481 3320 584 3394 tesia
606 3346 648 3391 ex
679 3345 747 3414 qua
772 3317 945 3415 parallaxis
975 3321 1162 3395 altitudinis
1202 3321 1350 3394 inveniri
1381 3324 1516 3417 poterit.
1570 3321 1623 3394 Sit

168 3426 262 3494 enim
289 3421 374 3498 HR
400 3424 565 3504 horizon,
600 3421 637 3494 H
653 3420 732 3494 ZR
755 3421 979 3508 meridianus,
1272 3471 1314 3542 Ζ

168 3523 202 3596 Ζ
252 3527 392 3609 zenith,
441 3525 467 3595 P
499 3523 603 3618 vpolus
634 3525 775 3610 mundi,
816 3517 979 3600 ZSEV
1421 3516 1463 3604 Ρ

166 3627 314 3699 circulus
337 3624 521 3706 verticalis,
543 3625 568 3698 S
595 3619 683 3694 sidus
702 3621 915 3699 observatum
943 3630 979 3699 iti
1595 3657 1599 3664 ·

165 3726 246 3800 loco
260 3729 285 3801 S
301 3731 340 3798 δι
355 3723 479 3802 deinde
503 3729 539 3798 in
551 3724 760 3812 meridiano,
788 3725 818 3798 E
832 3721 925 3798 locus
937 3724 979 3798 si-

165 3830 258 3902 deris
280 3827 385 3914 visus,
417 3828 441 3900 S
468 3830 709 3914 locustaria,
736 3830 775 3900 δι
802 3831 881 3904 ided
911 3835 979 3908 SE

164 3930 343 4025 parauaxts
366 3929 581 4016 aestuant„
615 3925 679 4000 si
701 3930 739 4000 aa
767 3928 834 4000 PE
861 3935 977 4010 tacui
1032 3901 1085 3982 H
1307 4013 1312 4022 ,
1539 3945 1587 4034 R

164 4030 412 4104 declinationis.
465 4029 597 4117 Datur,
635 4031 717 4123 (per
731 4030 842 4128 hyp.)
870 4061 976 4134 angu.
1360 4013 1412 4101 V

164 4130 218 4204 lus
250 4129 380 4216 SPE,
407 4131 500 4223 cujus
522 4129 678 4202 mensura
702 4125 749 4202 est
772 4135 949 4227 parallaxis
974 4141 1172 4220 ascensionis
1195 4147 1295 4222 tedia
1317 4147 1430 4223 fiderit
1451 4151 1609 4228 observa·

165 4255 206 4304 ta.
266 4227 381 4302 Datut
403 4233 504 4304 etiam
522 4229 687 4325 pundlum
711 4231 796 4302 illud
822 4242 917 4330 quod
943 4241 990 4314 est
1017 4243 1210 4321 intersedlio
1237 4255 1416 4346 aquatoris
1442 4257 1480 4325 δι
1502 4261 1606 4328 meri-

164 4331 262 4404 diani
286 4354 439 4426 tempore
461 4331 705 4442 observationis
729 4327 842 4407 sideris
870 4341 907 4411 in
932 4342 987 4426 E,
1024 4353 1234 4444 apparentis,
1272 4349 1362 4422 unde
1386 4353 1526 4426 habetur
1551 4381 1606 4427 ar-

165 4455 225 4546 cus
262 4435 442 4525 aeqttatoris
470 4435 557 4506 inter
584 4434 809 4505 meridianum
837 4435 976 4520 ΚΖΗ
1014 4447 1053 4518 dc
1090 4452 1253 4521 circulum
1276 4451 1507 4525 declinationis
1535 4455 1609 4530 PE

165 4555 373 4628 interceptus
399 4535 459 4630 qui
481 4532 528 4606 est
550 4531 840 4649 mensufaanguli
866 4541 994 4616 ZPE.
1066 4545 1186 4636 Quare
1212 4553 1249 4622 in
1274 4553 1445 4650 triangulo
1473 4555 1609 4644 ZPE,

166 4633 290 4710 dennis
321 4631 405 4710 latus
443 4633 519 4712 ΖΡ
544 4630 698 4708 distantia
722 4635 794 4732 poli
829 4640 851 4718 it
882 4647 1032 4737 vertice,
1077 4651 1117 4726 δε
1146 4651 1231 4728 latua
1260 4650 1342 4726 zi:
1363 4654 1609 4730 dissaneaaia

1486 4750 1602 4845 fidens
