4380 5678
455 415 458 422 “
562 377 656 512 ,η’
744 383 1869 478 Inoutttnrol’rtrtrc'lincruenta

565 526 628 604 Sol
658 527 702 600 ad
730 525 879 602 eundem
903 520 1131 594 meridianum
1164 513 1334 614 apellit,
1371 508 1397 584 fi
1419 514 1561 610 quidem
1589 515 1736 618 syzygia
1764 519 1837 618 ipso
1861 517 2001 598 meridie

563 629 620 703 vel
649 629 763 702 medii
790 623 892 698 nodie
916 619 1108 696 celebrlttur.
1176 540 1411 705 doemonem
1439 611 1465 686 st
1492 618 1708 694 novilunium
1732 621 2000 718 pleniluniumve

564 730 604 802 in
626 717 738 825 ipsum
763 727 941 800 meridiem
964 722 1091 794 incidat
1103 743 1116 807 3
1143 717 1214 815 ipso
1235 739 1375 814 quoque
1393 717 1548 790 meridiei
1572 743 1747 795 momento
1768 723 1917 797 maxima
1940 725 2002 797 ha·

567 832 704 906 bebitur
728 852 824 924 aquae
845 825 990 900 elevatio
1001 847 1014 910 3
1039 822 1230 920 pariterque
1248 815 1273 890 st
1297 820 1335 890 id
1351 819 1488 890 eveniat
1508 821 1622 896 medii
1640 821 1761 906 nocte,
1786 829 1911 900 eodem
1931 824 2002 923 ipso

569 953 745 1004 momento
771 953 858 1024 aqua
888 926 1072 998 maximam
1086 923 1165 993 ›ob'
1211 921 1263 994 bit
1293 919 1529 992 elevationem.
1591 919 1726 996 Veritm
1754 921 1779 996 st
1808 927 2002 1022 conjunclio

570 1033 627 1104 vel
655 1027 822 1130 oppositio
850 1027 1069 1100 luminarium
1088 1046 1174 1096 metr
1199 1024 1268 1094 iem
1289 1019 1346 1094 vel
1366 1023 1531 1116 ptaecedat
1552 1023 1608 1097 vel
1632 1024 1802 1122 sequatur,
1827 1050 1903 1101 tum
1921 1027 2004 1100 Flu·

570 1157 635 1204 xut
657 1157 727 1204 non
741 1135 788 1208 in
811 1123 924 1228 'ipsum
948 1126 1127 1198 meridiem
1155 1123 1310 1208 incidet,
1344 1120 1401 1194 sed
1426 1123 1481 1195 vel
1502 1125 1628 1196 tardiits
1655 1127 1711 1200 vel
1743 1127 1843 1200 cititis
1869 1131 2005 1210 veniet:

573 1235 655 1330 quia
686 1229 784 1306 Luna
808 1233 862 1302 hit
892 1224 1017 1302 casibus
1050 1247 1212 1320 tanquam
1234 1224 1392 1320 primaria
1419 1219 1514 1294 aestbs
1548 1225 1643 1300 causa
1666 1228 1723 1300 vel
1750 1225 1824 1324 post
1847 1229 1905 1303 vel
1929 1253 2004 1302 ante

574 1335 755 1408 meridiem
778 1333 822 1408 ad
843 1330 1068 1416 meridianum
1091 1326 1275 1423 pertingit„
1329 1318 1454 1418 Atque
1479 1323 1560 1396 hine
1579 1352 1621 1400 eo
1645 1330 1728 1416 die,
1752 1331 1789 1400 in
1812 1353 1917 1425 quem
1938 1327 2005 1403 five

572 1435 802 1532 plenilunium
828 1427 897 1504 sive
922 1429 1138 1502 novilunium
1172 1425 1314 1507 incidit,
1361 1423 1459 1496 facile
1486 1429 1610 1521 poterit
1643 1423 1779 1502 deliniti
1813 1431 2005 1504 acceleratio

573 1536 632 1611 vel
657 1535 838 1610 retardatio
859 1531 890 1603 F
892 1528 992 1604 luxtls
1013 1525 1167 1624 respedlu
1189 1527 1355 1600 meridiei
1416 1523 1586 1600 Ponamut
1605 1530 1697 1604 enim
1718 1530 1937 1604 novilunium
1950 1529 2008 1604 seu

573 1635 803 1740 plenilunium
828 1631 986 1706 celebrati
1014 1655 1037 1702 n
1064 1629 1157 1699 horit
1183 1650 1265 1722 ante
1289 1625 1495 1715 meridiem,
1535 1631 1627 1702 unde
1657 1631 1737 1704 citm
1758 1655 1873 1705 motus
1901 1632 2006 1704 Lunae

577 1738 712 1810 medius
736 1736 757 1808 a
779 1734 858 1807 Sole
879 1735 1021 1804 diurnus
1041 1724 1080 1800 stt
1107 1730 1191 1826 12⁰·
1212 1730 1367 1817 circiter,
1393 1726 1465 1823 ipso
1487 1730 1629 1803 meridie
1656 1730 1758 1806 Luna
1781 1733 1802 1806 a
1822 1735 2007 1806 meridiano

580 1873 650 1970 jam
671 1865 805 1944 distabit
822 1865 948 1965 angulo
971 1850 1150 1984 norario}
1164 1872 1259 1967 grad.
1280 1867 1398 1943 versits
1419 1891 1545 1959 ortum,
1571 1897 1615 1944 ex
1632 1896 1703 1969 quo
1724 1873 1825 1950 Luna
1831 1871 1916 1994 poll
1936 1899 2007 1950 me·

579 2023 704 2129 tidiem
725 2052 866 2124 demum
889 2069 949 2144 per
972 2044 1198 2122 meridianum
1217 2039 1392 2134 transibit,
1418 2041 1533 2143 elapsis
1548 2027 1585 2186 δ”-ὅ
1603 2053 1697 2126 horis
1715 2052 1773 2128 seu
1795 2077 1853 2128 2n
1872 2055 2013 2128 mimtit

580 2197 710 2296 primis.
763 2193 827 2268 Sin
852 2213 966 2263 autem
984 2189 1200 2262 novilunium
1220 2189 1490 2285 pleniluniumve
1511 2188 1639 2262 accidat
1656 2215 1679 2262 n
1700 2191 1793 2262 horit
1814 2188 1888 2287 post
1911 2193 2013 2266 meti·

547 2303 550 2312 '
582 2301 698 2387 diem,
728 2317 804 2368 tum
828 2290 936 2365 Maris
957 2293 1105 2363 maxima
1129 2291 1274 2365 elevatio
1304 2316 1368 2366 2n
1394 2291 1534 2362 minutis
1561 2313 1639 2364 ante
1667 2293 1855 2386 meridiem,
1870 2295 2012 2368 eveniet.

583 2400 675 2476 Haec
707 2417 822 2470 autem
853 2415 1027 2464 momenta
1064 2387 1300 2464 accuratiffime
1336 2389 1613 2487 cognoscentur,
1648 2386 1742 2464 stad
1766 2389 1914 2490 singulos
1944 2397 2012 2467 diet

584 2494 740 2574 transitus
777 2495 887 2568 Lunae
916 2515 977 2590 pet
1009 2493 1235 2566 meridianum
1265 2514 1502 2588 computentur
1514 2515 1528 2580 3
1566 2517 1605 2566 ac
1637 2517 1796 2589 praeterea
1828 2517 1898 2568 tam
1924 2517 2014 2566 ortua

585 2600 694 2700 quiun
715 2595 848 2668 occasus
869 2615 1028 2681 notetur,
1046 2651 1049 2662 .
1064 2595 1192 2690 quippe
1218 2592 1340 2689 quibus
1351 2595 1541 2700 ‚momentis
1571 2595 1718 2666 maxima
1736 2619 1833 2691 aquae
1854 2591 2015 2692 depteffio

587 2699 797 2798 respondet3
832 2694 993 2792 majorem
1015 2713 1132 2768 autem·
1151 2683 1347 2787 hujusmodi
1370 2691 1482 2788 tabula
1503 2688 1620 2770 afferet
1649 2695 1854 2784 utilitatem,
1879 2692 1904 2767 st
1926 2694 2016 2769 insu·

589 2825 651 2902 pet
669 2797 793 2895 quovit
813 2797 870 2870 die
895 2791 1049 2868 distantia
1068 2793 1179 2872 Lunae
1201 2794 1223 2870 {a
1242 2791 1353 2868 Tetri
1375 2795 1584 2878 inducetur,
1619 2797 1746 2896 quippe
1770 2797 1882 2894 iqui
1911 2797 2017 2872 Luna

589 2899 732 2976 effectus
755 2893 923 2996 praecipui
944 2897 1078 2993 pendet.

640 3035 675 3128 §.
704 3033 766 3110 60.
822 3029 1030 3126 Congruunt
1057 3033 1129 3102 haec
1160 3031 1228 3124 iarn
1259 3027 1410 3130 apprimd
1441 3051 1520 3104 cum
1551 3027 1865 3120 observationibus,
1897 3031 2019 3129 quibus

591 3129 743 3221 constat,
768 3133 888 3206 diebus
908 3131 1079 3204 novilunii
1095 3129 1350 3228 vel-plenilunii
1373 3125 1489 3206 astum
1512 3128 1619 3204 Maris
1642 3129 1861 3208 accelerarisr
1887 3133 2022 3206 novilu-

592 3238 691 3310 nium
709 3232 977 3332 pleniluniumve
992 3228 1067 3330 post
1085 3233 1265 3306 meridiem
1282 3231 1428 3316 accidat,
1453 3231 1571 3304 contri
1586 3233 1671 3305 verb
1692 3235 1860 3308 retardari.
1888 3233 2021 3322 Quam-

593 3339 649 3412 vis
673 3339 767 3411 enim
792 3336 957 3430 obsequae
975 3334 1132 3408 inertiam
1148 3334 1296 3406 maxima
1314 3330 1420 3406 Maris
1441 3333 1586 3421 elevatio
1603 3357 1674 3406 nott
1691 3333 1890 3430 respondeat
1905 3335 2026 3433 appol-2

593 3437 646 3514 sui
676 3437 783 3510 Lunae
801 3437 847 3508 ad
864 3436 1107 3522 meridianum,
1132 3431 1191 3508 sed
1212 3433 1340 3512 tardius
1363 3436 1511 3522 eveniet,
1535 3433 1588 3506 uti
1605 3429 1680 3530 poll
1701 3437 1887 3519 docebitur,
1913 3459 2027 3510 tamen

511 3561 520 3607 x
560 3529 561 3533 ’
595 3533 622 3611 st
660 3539 759 3610 'ibus
790 3531 914 3610 casibus
942 3534 1115 3631 aqualiter
1137 3536 1390 3622 retardabitur3
1424 3559 1486 3631 pto
1509 3536 1654 3607 termino
1680 3537 1785 3634 igitur
1810 3531 1908 3625 lixo,
1932 3533 1959 3610 st
1983 3537 2027 3610 ad

598 3642 644 3711 ob
658 3638 847 3710 ervationes
876 3635 1091 3732 respiciatur,
1127 3658 1198 3722 non
1223 3631 1310 3714 sumi
1333 3635 1433 3706 debet
1460 3657 1672 3708 momentum
1693 3637 1872 3727 meridiei,
1908 3635 1967 3713 sed
1989 3639 2028 3717 id

599 3759 837 3818 momentum,
875 3760 947 3830 quo
973 3732 998 3808 st
1020 3735 1129 3808 Lunae
1151 3757 1229 3808 cum
1258 3733 1338 3808 Sole
1363 3735 1558 3828 conjunclio
1587 3735 1643 3810 vel
1667 3734 1835 3836 oppositio
1859 3741 1897 3812 in
1920 3737 2030 3838 ipsum

600 3837 780 3910 meridiem
802 3837 948 3928 incidit,
973 3833 1102 3908 suttuna
1122 3859 1218 3930 aquae
1238 3835 1383 3924 elevatio
1407 3834 1611 3911 observatur.
1649 3836 1734 3912 Hoc
1752 3840 1859 3936 igitur
1877 3863 2032 3914 momen·

602 3959 641 4022 to
662 3961 800 4026 notato,
826 3938 878 4010 uti
905 3939 945 4011 ab
972 3939 1013 4009 iit
1026 3937 1095 4032 qui
1123 3934 1318 4031 hujusmodi
1348 3935 1598 4012 observationes
1632 3935 1810 4013 instituunt
1828 3937 1904 4016 fieri
1927 3941 2034 4030 solet,

603 4031 631 4114 st
656 4037 879 4136 plenilunium
901 4039 1163 4114 noviluniumve
1184 4039 1240 4112 vel
1261 4061 1338 4112 ante
1353 4039 1409 4112 vel
1431 4035 1505 4134 post
1527 4039 1704 4112 meridiem
1726 4041 1855 4115 incidat
1866 4035 2035 4131 ,summa

602 4135 714 4216 Maris
738 4139 883 4216 elevatio
901 4139 956 4214 vel
973 4139 1102 4214 tardibs
1127 4139 1182 4214 vel
1202 4140 1301 4214 citibt
1319 4142 1517 4237 continget:
1544 4142 1584 4213 dc
1613 4143 1754 4236 quidem
1782 4139 1929 4242 syzygia
1953 4167 2037 4217 vera

604 4263 630 4316 tt
649 4241 742 4313 horis
762 4243 818 4316 vel
841 4263 918 4316 ante
941 4243 1123 4326 meridiem
1137 4244 1272 4317 eveniat
1293 4243 1350 4317 vel
1370 4237 1467 4340 post,
1493 4264 1568 4314 tum
1585 4241 1616 4313 F
1617 4242 1718 4318 luxus
1738 4267 1796 4320 2n
1818 4247 1959 4318 minutia
1978 4242 2040 4319 vel

604 4343 732 4426 tardibr
755 4345 809 4417 vel
833 4345 932 4420 citius
956 4343 1126 4419 observati
1141 4345 1287 4419 debebit.
1338 4343 1459 4440 Atque
1481 4345 1553 4416 haec
1574 4339 1621 4416 est
1639 4369 1679 4420 ea
1699 4343 1769 4442 ipsa
1791 4345 1910 4444 tegula
1934 4369 2039 4442 quam

508 4439 511 4446 ⁴
606 4439 727 4514 Celeb.
748 4440 874 4517 Callini
896 4449 933 4519 in
953 4445 1062 4519 Mem
1086 4444 1283 4521 Academiae
1304 4441 1424 4542 Regiae
1450 4469 1514 4542 pto
1536 4443 1609 4518 An.
1631 4470 1759 4545 1710,
1792 4473 1835 4522 ex
1855 4448 2040 4546 quamplu·

606 4543 702 4614 timis
717 4541 1011 4620 'observationibus
1033 4550 1121 4620 inter
1140 4546 1173 4622 se
1196 4550 1393 4644 comparatis
1418 4548 1617 4636 derivavit3
1652 4549 1745 4642 jubet
1767 4547 1890 4624 scilicet
1915 4573 2041 4624 nume·

602 4663 687 4727 tum
713 4644 886 4738 beraut,
911 4647 1037 4745 quibua
1054 4646 1252 4748 coniundlio
1276 4643 1347 4726 srva
1372 4642 1540 4749 opposrtio
1559 4650 1778 4738 ltuninatium
1795 4675 1916 4734 verum
1934 4652 2043 4726 meri-

1948 4752 2046 4830 diem
