4354 5678
701 463 707 478 0
767 476 769 480 .

632 543 736 602 vrit.
807 516 1185 599 INTRODUCTIO
1213 517 1290 596 AD
1316 513 1475 595 LUNAE
1500 512 1789 594 THEORIAM
1815 520 1891 598 dte-¹

682 647 813 722 Eidem
846 653 1008 737 ratione,
1052 651 1251 724 variationes
1293 671 1417 720 morus.
1455 643 1605 742 Apogaei
1648 649 1691 720 ,δι
1738 672 1852 724 motus
1891 647 2066 728 nodorum

629 774 674 829 ex
702 747 766 823 situ
792 752 925 824 diverso
958 748 1075 825 Terrae
1114 753 1157 823 ad
1182 750 1354 848 aphelium
1383 769 1440 820 aut
1463 745 1668 820 Peribelium
1693 746 1793 822 suurn
1817 777 1861 826 ert
1886 755 2064 852 utriusque

630 869 727 922 motu
754 852 868 922 medio
896 854 975 925 dato
993 854 1036 923 in
1057 851 1203 926 secundo
1232 851 1445 946 Paragrapho
1469 849 1623 921 derivare
1643 850 1794 924 docetur.

683 953 753 1026 His
778 976 821 1024 ex
844 945 1104 1024 Exoentricitate
1133 953 1250 1024 orbitae
1280 949 1430 1024 Telluris
1459 947 1617 1020 dedudrit
1637 949 1839 1046 adjungatur
1867 951 2062 1028 confidete-

629 1054 679 1124 tio
703 1037 972 1124 Excentricitatis
1001 1052 1134 1126 Orbirae
1164 1052 1330 1138 Lunam,
1355 1073 1412 1122 aut
1437 1048 1508 1140 ejus
1532 1047 1757 1122 inclinationis
1780 1056 1825 1124 ad
1856 1052 2060 1152 Edipticnn

631 1153 711 1224 inde
732 1177 829 1222 novae
850 1154 1107 1248 irregularitates
1130 1154 1297 1250 prioribus
1317 1147 1547 1223 adnascuntur.

685 1251 800 1324 Primd
836 1251 955 1324 mensu
989 1252 1183 1325 Periodicus
1237 1253 1314 1324 aulo
1344 1249 1449 1342 major
1476 1245 1517 1320 fit
1547 1271 1625 1320 oum
1651 1248 1763 1326 Linea
1793 1250 1965 1350 Apfidum
1998 1285 2059 1358 per

632 1353 749 1430 Solem
778 1347 891 1425 transit
921 1375 1023 1448 quam
1055 1376 1132 1424 cum
1164 1277 1235 1448 ipd
1252 1348 1299 1426 est
1331 1349 1634 1447 perpendicularis,
1668 1352 1749 1424 hinc
1771 1355 1940 1427 comestio
1966 1385 2059 1433 nova

631 1454 832 1548 AEquationi
857 1476 968 1524 motus
994 1453 1098 1524 medii
1126 1475 1201 1546 quae
1225 1453 1262 1522 in
1288 1454 1398 1548 primo
1427 1449 1557 1522 scholii
1578 1447 1990 1549 Peragrapho;exponitur
2010 1457 2059 1532 est

630 1551 791 1631 facienda,
816 1554 902 1623 hanc
915 1575 1049 1625 novam
1076 1552 1319 1646 AEquationem
1344 1549 1398 1622 Ill.
1422 1545 1573 1622 caffinus
1597 1552 1734 1624 exhibet
1753 1553 1788 1622 in
1802 1552 1943 1626 Tarbella
1960 1559 2058 1652 cujus

631 1653 748 1726 titulus
782 1648 828 1724 est
848 1651 998 1747 secunda
1028 1653 1182 1751 AEquatr'o
1210 1652 1332 1724 Solart's
1365 1651 1416 1736 &v
1437 1649 1537 1724 tertio
1564 1647 1777 1748 Peragrapho
1803 1653 1934 1730 scholii
1955 1662 2059 1734 tradi·

632 1775 698 1826 tur.

682 1852 808 1928 Itidem
835 1849 859 1922 fi
889 1854 977 1927 linea
1005 1855 1174 1926 nodorum
1204 1877 1264 1950 per
1297 1851 1412 1925 Solem
1444 1849 1586 1922 transeut
1616 1849 1716 1947 panio
1742 1851 1849 1944 major
1874 1857 1938 1928 erit
1965 1850 2056 1932 Solis

629 1951 719 2026 adiio
755 1957 795 2028 dc
827 1945 992 2026 c'orrediio
1024 1978 1114 2025 nova
1148 1955 1272 2028 exinde
1311 1949 1462 2022 nascetur
1496 1952 1608 2024 eidem
1648 1953 1758 2022 motui
1788 1955 1930 2046 medio,
1968 1959 2057 2034 hanc

631 2078 752 2150 quarto
779 2053 990 2152 Paragrapho
1015 2053 1144 2127 Scholii
1170 2054 1297 2126 indicat
1312 2047 1528 2132 ‚Newtonun

681 2153 841 2230 Praeterea
864 2155 1093 2230 excentrioitas
1115 2153 1183 2250 ipsa
1203 2155 1320 2226 orbitae
1343 2147 1488 2224 Lunatir
1508 2175 1552 2224 ex
1576 2150 1710 2224 diverso
1732 2144 1794 2221 fitu
1821 2149 1968 2252 Apogaei
1986 2159 2055 2232 res-

631 2255 735 2353 penu
761 2257 849 2330 Solis
873 2277 1043 2341 mutatur,
1071 2278 1161 2325 nunc
1184 2255 1293 2348 major
1321 2275 1413 2324 nunc
1437 2252 1548 2325 minor
1575 2255 1691 2325 evadit
1719 2251 1825 2346 idque
1848 2257 1949 2330 etiarn
1974 2262 2057 2344 inaez

629 2357 773 2452 qualiter
794 2380 855 2450 pro
883 2352 1036 2426 distantia
1065 2353 1190 2427 telluris
1216 2355 1237 2426 ὲ
1264 2352 1353 2426 Sole
1546 2350 1550 2360 ’

676 2451 805 2528 Rursus
827 2453 896 2549 ipse
916 2476 1030 2526 motus
1050 2450 1199 2548 Apogaei
1222 2475 1323 2550 prout
1342 2448 1539 2548 Apogaeum
1559 2448 1784 2527 divetfimodd
1803 2449 1900 2526 situm
1922 2453 1967 2532 est
1987 2460 2056 2534 res-

587 2627 595 2648 ,
629 2555 734 2656 pediu
755 2555 854 2628 'Solis
884 2575 1062 2640 mutatur,
1097 2555 1177 2623 hinc
1211 2553 1377 2648 AEquatio
1414 2549 1563 2650 Apogaei
1594 2554 1736 2626 nascitur
1772 2578 1879 2651 eaque
1903 2560 2056 2656 duplex,'

620 2659 736 2755 ¹prima
770 2654 992 2752 supponendo
1025 2650 1150 2726 telluris
1177 2652 1198 2726 a
1229 2651 1308 2726 Sole
1339 2647 1526 2724 distantiam
1563 2653 1793 2744 constantem,
1830 2656 1931 2730 altera
1968 2663 2054 2733 vetd

627 2758 754 2857 pendet
782 2779 825 2828 ex
851 2755 1036 2826 mutatione
1060 2749 1221 2826 distantiae
1239 2753 1366 2825 telluris
1390 2750 1411 2824 ir
1432 2751 1523 2826 Sole.

679 2857 775 2930 Hinc
796 2851 932 2927 tandem
952 2877 1029 2925 cum
1049 2855 1166 2926 orbitae
1181 2851 1326 2925 Lunaris
1351 2850 1471 2940 forma,
1497 2856 1726 2928 excentricitat
1750 2857 1790 2932 δι
1820 2858 1968 2957 Apogaei
1991 2880 2056 2957 po-¹

628 2953 705 3030 strio
725 2979 894 3036 mutetur,
920 2953 1061 3028 omnind
1089 2977 1259 3026 mutantur
1285 2952 1508 3027 comestiones
1533 2957 1598 3029 illae
1631 2980 1707 3050 quae
1730 2959 1984 3033 deducebantur
2011 2987 2056 3034 ex

552 3125 556 3136 .
628 3057 738 3133 Lunae
769 3057 1015 3130 excentricitate
1044 3055 1231 3136 mediocri,
1266 3078 1338 3150 quae
1364 3056 1587 3147 aquationem
1616 3055 1757 3129 solutam
1785 3055 2056 3144 constituebant5

627 3159 750 3233 ultimo
771 3160 884 3229 autem
905 3154 1033 3228 Scholii
1055 3151 1265 3250 Peragrapho
1292 3149 1486 3226 Neutonus
1519 3157 1619 3230 docet
1642 3156 1712 3251 qud
1739 3161 1869 3232 ratione
1889 3181 1988 3232 novae
2012 3159 2056 3232 il-

627 3259 669 3334 1ae
703 3256 926 3330 correctiones
955 3249 1019 3326 smt
1049 3251 1279 3327 instituendae:
1314 3254 1446 3327 *Omnia
1467 3257 1550 3328 verb
1574 3260 1611 3327 in
1629 3257 1696 3328 hoc
1725 3258 1865 3331 Scholio
1895 3255 1965 3332 fine
1994 3261 2057 3334 de·

627 3351 866 3432 monstratione
886 3357 1004 3428 rtradit
1031 3379 1093 3427 nec
1124 3357 1273 3427 indicato
1302 3353 1437 3426 suorum
1466 3355 1668 3430 calculorum
1702 3353 1871 3447 artificio,
1905 3361 2056 3455 ideoque

529 3453 537 3550 ’Δ
628 3457 731 3532 nostri
756 3459 949 3555 putavimus
970 3455 1103 3543 officii,
1141 3479 1216 3526 eam
1239 3457 1397 3550 indagare
1414 3457 1506 3528 viam
1526 3458 1582 3530 cui
1606 3456 1802 3531 Neutonuo
1831 3460 1867 3530 in
1893 3460 1934 3530 iie
1955 3483 2056 3558 repe-

626 3561 755 3631 riendis
780 3553 923 3628 infistere
947 3557 1076 3641 debuit,
1102 3556 1213 3627 labore
1234 3557 1374 3652 quidem
1391 3579 1462 3629 non
1481 3569 1611 3656 parvo,
1634 3553 1780 3640 succeffu
1803 3561 2057 3659 qualiotmque,

628 3661 760 3737 utinam
787 3655 987 3734 Lenoribus
1010 3677 1080 3728 non
1094 3655 1250 3754 ingratos
