4558 5676
526 480 869 562 Parnctntn
927 473 1417 558 ntarxrnrrrcr.
1596 469 1684 582 ’ἐπ’

260 615 516 699 bri'nonnibil
546 613 734 697 diminuta
766 619 895 719 jovem
931 601 1079 720 aeq'uare
1118 608 1331 695 ridebatur.
1390 619 1681 721 Ann01573‚
1730 622 1860 686 ΗΜ

262 735 390 819 mense
413 734 588 818 Janrrnrr'o
611 742 749 814 minor
774 756 854 813 etat
877 734 965 834 jove
994 741 1032 810 δι
1055 733 1176 836 major
1208 735 1318 812 Sirio-i
1350 741 1411 812 cui
1439 741 1476 812 in
1507 739 1582 816 line
1610 737 1679 813 l'c-
1707 703 1856 833 kappa.

262 853 404 933 bruarr'r'
429 865 470 936 dt
498 849 637 930 Martii
667 857 777 933 initio
812 850 927 929 evasit
952 849 1114 954 aequalis.
1191 849 1324 929 Mense
1352 847 1478 960 Aprili
1509 868 1547 936 ει
1572 851 1681 931 Maio
1699 841 1835 909 ‘'llll-

262 976 372 1056 stellis
394 965 564 1051 secundae
593 961 892 1078 magnitudiniS,
922 963 1061 1054 Jrurro,
1092 961 1189 1043 lulio
1218 977 1258 1048 &
1289 965 1451 1076 Augusto
1480 973 1589 1052 stellis
1610 991 1684 1052 ter·
1709 933 1860 1063 lrlr‘llf'

261 1101 323 1174 ria
360 1083 659 1197 magnitudinis,
692 1081 917 1190 Septembri,
963 1079 1170 1164 Oxubii&
1202 1082 1409 1163 Nurenrbrr'
1440 1091 1548 1168 stellis
1572 1117 1682 1198 quar·
1793 1113 1798 1121 ’

261 1233 334 1324 rag,
366 1203 629 1288 Decembri&
655 1210 744 1286 anni
776 1229 910 1304 1574,
944 1199 1069 1280 mense
1102 1195 1276 1279 Ianuario
1303 1207 1411 1284 stellis
1443 1213 1609 1314 quium,
1642 1219 1683 1289 δι

262 1323 390 1408 mense
426 1321 620 1402 Februario
664 1325 771 1403 stellis
803 1319 911 1398 sextae
943 1317 1215 1426 magnitudinis
1256 1327 1410 1430 aequalis
1447 1319 1685 1422 videbatur,

261 1457 302 1528 &
333 1439 460 1524 mense
483 1440 627 1520 Martio
652 1467 699 1520 ex
731 1438 851 1518 oculis
878 1443 1042 1516 evanuit.
1105 1435 1226 1518 Color
1259 1441 1311 1518 illi
1339 1439 1388 1520 ab
1416 1445 1526 1521 initio
1550 1444 1688 1542 clarus,

262 1561 428 1644 albicans
458 1589 503 1640 ac
526 1551 767 1667 splendidus,
798 1557 924 1662 polica
950 1553 1080 1647 flavus,
1113 1565 1152 1635 δι
1179 1563 1268 1637 anni
1300 1581 1377 1659 157
1387 1585 1401 1659 3
1426 1559 1553 1640 mense
1576 1559 1690 1666 Mara

210 1753 212 1756 .
263 1686 313 1758 tio
340 1682 494 1760 rutilans
523 1680 631 1756 instar
657 1680 785 1755 martis
815 1693 879 1750 aut
911 1673 1020 1752 stellae
1050 1667 1290 1764 aldebaran,
1341 1673 1451 1753 Maio
1480 1701 1608 1760 antem
1637 1683 1689 1760 al-

140 1863 145 1866 -
263 1791 480 1880 bitudinem
506 1789 726 1874 sublividum
749 1783 909 1894 induxit,
943 1793 1094 1896 qualem
1114 1788 1537 1890 insaturnoccrnimus,
1570 1823 1689 1904 quem

264 1921 435 1997 'colorem
468 1911 643 2020 usquein
673 1913 788 1990 finem
811 1905 997 2002 servavit,
1030 1901 1174 2016 semper
1203 1935 1331 1990 tamen
1360 1907 1554 1992 obscurior
1578 1912 1688 1998 faeta.

207 2059 210 2068 ’
264 2035 370 2114 Talis
395 2038 510 2112 eriam
537 2027 608 2108 suir
636 2030 736 2108 stella
765 2033 804 2104 in
829 2017 966 2103 dextro
993 2019 1090 2132 pede
1113 2023 1359 2132 serpentuli,
1393 2057 1507 2136 quarn
1539 2027 1689 2142 Keplerr'

264 2145 435 2256 discipuli
463 2173 565 2226 anno
602 2161 724 2237 1604,
755 2139 817 2222 die
846 2169 894 2242 30
918 2139 1132 2252 Septembris
1156 2146 1196 2224 st.
1224 2172 1300 2226 vet.
1324 2173 1501 2254 apparere
1529 2141 1683 2258 coepisse

264 2263 521 2358 observarunt,
552 2275 593 2345 bc
619 2265 703 2342 luce
728 2261 789 2340 sua
818 2259 960 2339 stellam
988 2261 1089 2363 jovis
1113 2255 1305 2368 superasse,
1339 2289 1427 2342 cum
1456 2267 1568 2347 noue
1595 2294 1690 2376 prae.

188 2468 194 2478 ,
246 2377 433 2466 ,cedente
452 2381 612 2463 minime
645 2369 879 2488 apparuisset.
938 2373 1002 2458 Ab
1027 2403 1076 2455 eo
1099 2380 1190 2458 verb
1218 2401 1391 2486 ternpore
1413 2386 1594 2491 paularim
1623 2377 1690 2464 de.

265 2506 414 2597 crevit,
457 2512 497 2583 δε
525 2499 642 2606 spatio
675 2497 859 2577 menfium
890 2490 1115 2602 quindecim
1156 2501 1216 2577 vel
1246 2491 1437 2581 sexdecim
1477 2529 1525 2580 ex
1566 2505 1724 2584 oculis-

264 2625 428 2703 evanuit.
489 2619 575 2699 Tali
602 2625 717 2697 etiam
750 2615 851 2694 stellai
882 2615 983 2693 nora
1014 2609 1310 2721 supramodum
1347 2613 1565 2724 splendente
1591 2617 1689 2734 Hr'p·

262 2731 417 2850 parchus
446 2731 494 2816 ad
521 2737 613 2814 fixas
638 2726 886 2812 observandas
921 2741 960 2810 dc
988 2739 1028 2810 in
1060 2737 1276 2842 catalogum
1302 2733 1517 2817 referendas
1542 2745 1690 2820 excita·
1796 2767 1801 2776 ·

265 2876 323 2936 tus
349 2845 452 2934 suilsc
481 2847 631 2932 dicitur.
694 2841 768 2928 Sed
792 2849 888 2938 fixae,
921 2851 1010 2952 quae'
1038 2871 1106 2960 per
1132 2857 1235 2930 vices
1259 2877 1441 2958 apparent
1469 2865 1508 2934 δι
1535 2854 1688 2938 evanes

264 2983 382 3062 cunt,
419 2997 578 3077 quaeque
618 2965 796 3074 paulatim
830 2959 1025 3067 crescunt,
1069 2973 1110 3044 &
1139 2968 1224 3046 lucc
1254 2963 1315 3048 sua
1348 2969 1439 3049 fixas
1465 2978 1584 3052 tertiae
1609 3001 1689 3056 ma·

263 3082 472 3202 gnitudinis
500 3092 562 3164 vix
590 3108 756 3190 unquam
787 3070 983 3188 superant}
1026 3075 1202 3165 videntur
1229 3077 1300 3164 else
1331 3095 1479 3196 generis
1508 3092 1684 3190 alterius,

266 3219 305 3290 &
342 3197 580 3284 revolvendo
619 3220 764 3309 partem
806 3193 970 3278 lucidam
1011 3208 1051 3279 δι
1081 3223 1225 3308 partem
1257 3201 1453 3284 obscuram
1489 3213 1693 3316 pervices

265 3315 475 3404 ostendere.
537 3323 704 3428 Vapores
729 3343 884 3410 aurem,
929 3323 996 3424 qui
1019 3317 1159 3396 exsule
1185 3329 1224 3400 δι
1248 3321 1358 3400 stellis
1385 3323 1468 3418 lixis
1497 3334 1536 3404 δι
1562 3322 1692 3406 caudis

265 3461 502 3522 cometarum
532 3443 728 3531 oriuntur,
773 3428 942 3516 incidere
976 3432 1126 3544 pollunt
1164 3463 1232 3544 per
1260 3443 1485 3545 gravitatem
1515 3437 1617 3521 suam
1652 3451 1693 3524 in

260 3557 527 3664 'armosplrceras
555 3556 788 3662 planetarum
813 3559 852 3634 δι
882 3551 936 3632 ibi
968 3544 1189 3634 condensari
1220 3565 1259 3636 δι
1284 3555 1458 3640 converti
1485 3563 1690 3667 inaquam

186 3721 189 3726 ·
263 3689 302 3759 δι
331 3671 474 3781 spiritus
500 3666 703 3766 humidos,
733 3662 952 3754 &subinde
980 3699 1046 3778 per
1074 3671 1220 3752 lentum
1246 3673 1413 3755 calorem
1443 3679 1479 3756 in
1513 3673 1615 3771 sales,
1648 3689 1691 3761 dc

263 3787 460 3902 sulplrura',
494 3792 767 3886 &'tinsluras‚
813 3799 854 3872 δι
883 3793 1051 3884 limum,
1096 3792 1316 3887 &·lutum‚
1348 3803 1387 3876 &
1414 3794 1614 3901 argillam,
1648 3807 1691 3879 dc

266 3937 434 4002 arenam,
464 3919 505 3989 δι
532 3901 689 4015 lapides,
722 3918 762 3992 δι
784 3911 938 4006 corana,
969 3919 1009 3992 δι
1033 3905 1245 3993 substantias
1271 3911 1363 3992 alias
1391 3913 1579 3996 terrestres
1598 3937 1692 4020 pau·

267 4029 373 4112 latim
406 4033 581 4136 migrate.
731 4015 737 4030 ’
1325 4037 1329 4045 ’
