4380 5678
589 433 699 543 ψ.
810 427 1156 517 transmaro
1207 401 1451 502 Pnr'srca
1503 443 1559 504 rrt
1612 427 1831 512 Crvs'rrr

591 569 685 640 ribus
710 555 791 634 ell'et
813 583 923 656 opus,
950 579 1027 655 quaa
1053 551 1226 627 materiam
1254 547 1410 623 subtilem
1427 548 1652 656 indefinenter
1667 558 1796 644 ‚versus
1820 557 1937 632 Solem
1960 555 2032 632 Lu·¹

595 687 743 760 namque
768 660 955 757 pellerent,
981 656 1050 754 qui
1073 649 1214 752 quidem
1237 677 1274 726 re
1295 647 1434 748 quaestio
1463 665 1534 724 non
1560 657 1723 752 majorem
1748 661 1858 732 lucem
1886 657 2033 756 asseque-

596 789 702 844 retur.
762 761 900 837 Deinde
926 759 1000 832 talis
1033 779 1146 828 motus
1178 752 1302 854 perse
1334 755 1406 851 diu¹
1423 750 1597 830 consistere
1627 784 1698 833 non
1732 759 1859 858 pollet,
1921 783 2031 857 ropter

597 877 801 968 perpetuum
823 863 970 936 materiae
991 858 1121 932 subtilis
1143 860 1187 930 ad
1209 857 1328 930 eadem
1352 854 1426 928 loca
1446 851 1612 930 effluxum
1630 862 1826 958 nullumque
1851 787 2031 950 reliuxum,

600 994 640 1052 ut
674 987 841 1042 taceamus
872 964 938 1038 alia
973 963 1120 1034 martiana
1153 957 1369 1032 incommoda
1408 979 1487 1032 curn
1527 955 1714 1036 istiusmodi
1755 959 1920 1060 positione
1958 987 2031 1064 pers

598 1073 718 1145 mixta.

611 1197 624 1228 l
655 1174 686 1267 §.
717 1193 777 1269 ¹3·
828 1163 979 1242 Exclusi
1005 1164 1110 1260 igitur
1146 1162 1292 1236 materiae
1314 1159 1441 1235 subtilis
1473 1162 1634 1237 continui
1665 1159 1840 1252 allisione,
1873 1189 2031 1264 tanquam

597 1274 645 1346 ad
673 1273 762 1346 vires
787 1270 865 1342 clrm
886 1271 929 1340 ad
955 1265 1071 1343 Solem
1088 1263 1164 1335 tum
1185 1265 1321 1338 Lunam
1340 1263 1517 1337 tendentes
1539 1265 1772 1361 producendas
1792 1268 1934 1340 minimi
1954 1269 2030 1340 ido·

601 1396 687 1457 nea,
713 1373 776 1444 alia
800 1375 921 1444 barum
937 1370 1063 1439 virium
1085 1364 1180 1438 causa
1200 1391 1270 1437 non
1291 1365 1515 1460 relinquitur,
1543 1363 1603 1436 nisr
1626 1390 1701 1463 quae
1724 1370 1760 1438 in
1783 1370 1820 1441 vi
1844 1369 2030 1464 centrisugi

599 1472 764 1548 consistat.
818 1469 1122 1561 Quemadmodum
1146 1489 1259 1538 autent
1278 1467 1416 1539 materia
1435 1463 1562 1538 subtilis
1586 1469 1623 1543 in
1646 1491 1773 1566 gyrum
1799 1469 1873 1542 asia
1894 1495 1931 1542 ac
1954 1468 2030 1540 vo'r·

600 1565 715 1651 ricem*
732 1575 881 1647 formans
908 1597 976 1643 non
998 1568 1106 1641 sollrm
1123 1570 1236 1640 animo
1258 1567 1411 1662 concipi,
1447 1563 1504 1640 sed
1530 1568 1630 1640 etiarn
1649 1570 1837 1656 inmundo
1864 1565 2030 1666 persrllere

599 1701 723 1774 queat,
750 1677 816 1768 jam
842 1673 916 1747 satis
944 1671 1110 1770 superque
1138 1665 1185 1741 est
1211 1664 1422 1765 expositum,
1458 1667 1536 1740 clun
1563 1665 2029 1766 in.differta1i0nibus,quae

518 1811 521 1817 ¹
599 1781 684 1851 enm
712 1773 850 1873 quaestio
872 1776 916 1848 de
937 1772 1037 1845 causd
1060 1771 1293 1867 gravitatiorais
1321 1770 1522 1864 agitaretur,
1548 1769 1663 1842 laudes
1688 1767 1916 1844 Illullriffimae
1938 1768 2030 1844 Aca-

560 1931 566 1943 ·
600 1881 723 1952 demiae
747 1881 979 1956 merebantur,
1017 1871 1090 1946 tirrn
1115 1873 1217 1943 etiam
1237 1871 1274 1941 in
1294 1870 1368 1942 aliis
1393 1870 1580 1967 operibus;
1615 1872 1738 1966 quibus
1766 1875 1803 1945 in
1829 1874 1912 1945 locis
1935 1868 2029 1944 simul

598 1977 751 2054 dilucida
773 1973 820 2051 ell
844 1974 1031 2055 ostensum,
1060 1974 1236 2068 quomodo
1255 1971 1420 2072 ejusmodi
1441 1973 1586 2044 vortices
1614 1995 1822 2070 comparatos
1839 1970 1911 2048 'else
1930 1997 2030 2070 opor·

599 2105 691 2163 teat,
732 2103 771 2152 ut
798 2080 887 2152 vires
917 2075 1113 2170 centrifugae
1145 2069 1228 2145 fiant
1249 2071 1419 2172 quadratis
1448 2068 1679 2146 distantiarum
1702 2074 1722 2148 ὲ
1748 2099 1864 2148 centro
1894 2075 2029 2146 vorticis

599 2179 775 2280 reciproce
805 2175 1083 2277 proportionales.
1138 2172 1229 2262 Quae
1260 2197 1312 2246 res
1338 2173 1417 2244 clrm
1451 2197 1528 2244 tneo
1555 2175 1696 2269 quidem
1719 2177 1848 2270 judicio
1872 2176 1941 2268 jam
1965 2199 2029 2246 ram

485 2366 493 2372 ,
602 2285 701 2379 plana
725 2279 765 2352 srt
794 2279 905 2360 facia,
939 2301 977 2350 ut
1005 2278 1066 2348 vix
1092 2278 1277 2372 quicquam
1297 2275 1340 2346 ad
1365 2272 1504 2371 praesens
1540 2270 1728 2350 institutum
1757 2279 1902 2352 attinens
1934 2276 2030 2371 adjici

600 2397 728 2480 queat,
752 2382 923 2454 vorticum
941 2377 1092 2450 ulteriori
1117 2377 1264 2449 examini
1288 2371 1355 2448 fine
1381 2374 1449 2446 ulla
1472 2370 1675 2450 haesrtatione
1691 2377 1956 2474 supersedemus3
1980 2380 2030 2449 id·

601 2508 672 2580 que
695 2484 738 2558 eri
764 2482 886 2577 magis,
912 2478 1008 2574 quod
1026 2476 1253 2551 Celeberrima
1268 2473 1456 2548 Academia
1473 2475 1638 2570 ejufinodi
1662 2479 1805 2576 amplam
1823 2502 1925 2576 atque
1946 2479 2028 2552 adesi

602 2587 673 2680 jam
701 2581 892 2656 confestam
923 2575 1159 2676 digreffionem
1184 2573 1348 2674 postulate
1375 2577 1467 2648 haud
1504 2573 1669 2653 videatur.
1734 2577 1913 2668 Quoniam
1941 2583 2029 2654 enirn

603 2682 745 2782 quaestio
768 2685 812 2756 de
834 2680 929 2756 causa
950 2681 1123 2776 gravitatis
1145 2679 1224 2751 crim
1245 2679 1362 2751 versus
1385 2675 1530 2750 Terram
1552 2679 1628 2752 tirrn
1655 2681 1756 2754 etiam
1776 2684 1894 2756 verslrs
1919 2681 2030 2756 Solent

604 2788 648 2858 ἃ
672 2785 823 2870 Planetas
842 2782 910 2877 jam
931 2781 1006 2854 satis
1027 2777 1074 2852 est
1096 2775 1294 2875 investigata
1317 2802 1356 2850 ac
1377 2779 1544 2867 diremta3
1578 2805 1670 2854 nunc
1696 2785 1854 2877 quidem,
1880 2779 1903 2854 sr
1928 2780 2031 2877 cujus-

600 2903 740 2984 cunque
761 2883 980 2958 Plraenomeni
999 2879 1095 2954 causa
1113 2881 1156 2953 ed
1178 2880 1280 2952 fuerit
1302 2877 1491 2975 perducis,
1526 2881 1655 2954 ibidem
1675 2882 1955 2978 acquiescendum
1981 2885 2031 2956 vi·

602 2990 725 3082 detur,
750 3010 862 3083 neque
890 2985 1006 3082 aslum
1031 2985 1166 3078 agendo
1192 2981 1308 3054 denuo
1335 2983 1373 3051 in
1396 2980 1492 3052 causi
1514 2985 1688 3078 gravitatis
1722 2981 1955 3081 investigandi
1982 2983 2032 3056 ni·

603 3091 717 3162 mium
742 3087 916 3160 immorari
943 3084 1149 3182 conveniret.
1210 3081 1373 3178 Denique
1392 3083 1429 3152 in
1454 3080 1607 3178 praesenti
1628 3087 1768 3182 negotio
1789 3085 1938 3160 sufficere
1959 3083 2032 3183 pos-

603 3191 656 3284 sep
668 3239 680 3279 ,
713 3183 738 3260 sr
763 3183 858 3263 astirs
880 3183 989 3261 Maris
1016 3182 1112 3256 causa
1129 3183 1239 3255 adhuc
1261 3184 1362 3256 tantis
1385 3183 1529 3256 tenebris
1552 3187 1715 3258 obvoluta
1745 3189 1789 3259 ad
1806 3187 1870 3259 alia
1888 3183 2031 3260 maximi

605 3275 721 3388 apsrta
744 3288 972 3363 Phanomena
993 3285 1197 3371 reducatur,
1228 3307 1378 3381 quorum
1397 3284 1493 3355 causa
1516 3308 1587 3356 non
1608 3285 1718 3359 sollrrn
1747 3289 1897 3362 habetur·
1917 3287 2033 3386 proba·

591 3393 708 3502 philis,
735 3390 793 3466 sed
810 3391 912 3464 etiarn
930 3411 1006 3484 quae
1030 3385 1098 3458 sola
1114 3381 1156 3457 srt
1181 3387 1316 3459 veritati
1337 3383 1556 3459 consentanea
1566 3436 1579 3475 ,
1613 3387 1800 3487 cujusmodi
1820 3385 1868 3462 est
1888 3391 2034 3488 gravitas

525 3498 527 3502 ’
603 3496 656 3590 tio
676 3493 749 3566 tim
772 3492 889 3566 verslrs
912 3487 1156 3582 Solem'quim
1179 3487 1324 3560 Lunam.

657 3597 692 3692 §.
726 3618 785 3691 14.
838 3589 983 3662 Causam
1009 3590 1114 3682 igitur
1138 3585 1168 3657 F
1170 3583 1269 3658 luxus
1294 3613 1332 3659 ac
1357 3583 1526 3662 Refluxirs
1550 3587 1656 3664 Maris
1680 3593 1870 3688 proximam
1893 3591 1931 3662 in
1948 3590 2035 3664 binis

607 3695 794 3768 vorticibus
815 3691 962 3764 materiae
983 3687 1156 3782 cujusdam
1178 3686 1305 3762 subtilis
1332 3689 1552 3776 collocamus,
1587 3717 1735 3790 quorum
1761 3695 1843 3768 alter
1866 3693 1953 3764 circa
1975 3693 2038 3765 So·

607 3796 677 3870 lem
702 3796 784 3866 alter
806 3791 890 3866 verb
914 3792 1000 3862 circa
1018 3788 1154 3861 Lunam
1170 3788 1216 3862 ita
1233 3790 1489 3886 circumagatur,
1515 3816 1554 3868 ut
1573 3795 1608 3867 in
1634 3791 1780 3892 utroque
1801 3793 1891 3868 vires
1914 3793 2037 3870 centri-

609 3896 702 3992 sugae
727 3892 917 3969 decrescant
940 3893 978 3963 in
995 3889 1315 3987 duplicati-ratione
1342 3891 1568 3979 distantiarum
1592 3895 1612 3970 i
1635 3918 1751 3970 centro
1772 3898 1912 3972 vorticis
1924 3920 1936 3978 r
1962 3919 2037 3992 qua

608 3997 666 4072 lex
686 3998 740 4068 vis
764 3993 960 4090 centrisugae
987 3993 1212 4080 obtinebitur,
1251 3989 1276 4064 sr
1302 3995 1449 4070 materiae
1470 3994 1597 4071 subtilis
1617 4000 1784 4074 vorticem
1808 3995 2038 4071 constituentis

588 4099 762 4173 celeritas
793 4094 953 4170 statuatur
990 4116 1105 4169 tenere
1133 4096 1299 4168 rationem
1335 4100 1541 4194 reciprocam
1576 4097 1846 4199 subduplicatam'
1872 4095 2040 4173 disbanria-

609 4221 688 4273 rum
708 4199 729 4274 i
750 4223 867 4273 centro
888 4198 1038 4272 vorticis.
1091 4191 1317 4294 Quaecunque
1336 4195 1452 4296 'igitur
1473 4223 1614 4298 corpora
1641 4204 1678 4274 in
1700 4199 1885 4276 istiusmodi
1911 4199 2039 4272 vortice

609 4297 718 4398 posita
734 4303 778 4374 ad
799 4301 869 4394 ejus
890 4321 1043 4374 centrum
1063 4297 1228 4396 pellentur
1243 4301 1280 4371 vi
1297 4302 1537 4390 acceleratrice,
1563 4326 1639 4399 quae
1658 4307 1780 4402 pariter
1794 4329 1833 4376 ac
1849 4304 1902 4376 vis
1920 4299 2041 4373 centri·

611 4401 697 4499 i'uga
716 4404 885 4499 quadratis
904 4397 1134 4476 distantiarum
1153 4399 1323 4497 reciproci
1340 4399 1386 4476 est
1403 4404 1675 4500 proportionalis.
1727 4405 1792 4482 Vis
1811 4401 1959 4476 absoluta
1979 4423 2041 4473 au·

612 4524 685 4576 tent
708 4502 777 4598 qui
799 4527 920 4602 corpus
943 4505 1131 4600 quodpiam
1159 4505 1196 4575 in
1216 4503 1294 4576 data
1313 4499 1468 4576 distantis
1490 4503 1511 4577 i
1534 4527 1650 4580 centro
1681 4509 1820 4582 vorticis
1841 4505 2044 4578 collocatum

499 4667 501 4672 a
612 4603 657 4678 eb
680 4627 842 4702 urgetur,
868 4605 993 4704 pendet
1014 4605 1034 4678 a
1054 4605 1222 4679 celeritate
1240 4606 1386 4676 materiae
1404 4603 1533 4680 subtilis
1554 4605 1712 4681 absoluta.
1762 4605 1821 4682 Ac
1835 4605 1948 4708 primb
1968 4604 2046 4701 qui·

608 4706 692 4784 dem
710 4708 809 4808 quod
829 4709 874 4784 ad
894 4707 1061 4784 vorticem
1082 4707 1167 4780 circa
1187 4705 1302 4783 Solem
1321 4727 1470 4810 rotarum
1491 4711 1638 4803 attinet,
1668 4712 1742 4810 ejus
1761 4713 1814 4787 vis
1832 4709 1984 4790 absoluta
2003 4725 2047 4778 ex

1965 4828 2051 4887 tem·
