4402 5642
384 869 778 960 mercionum
842 847 1417 960 Marnsunrrconunr
1466 849 1656 966 Libros

386 1024 518 1112 tres
551 1005 773 1116 totidem
795 1003 1154 1114 voluminibus
1180 1004 1469 1150 complecli
1492 1012 1657 1119 medi-

136 1228 138 1249 2
403 1156 693 1279 rebamur,
732 1158 897 1308 idque
929 1161 1039 1304 jam
1064 1161 1121 1263 in
1151 1155 1309 1268 alterzl
1341 1167 1514 1303 operis
1537 1161 1656 1270 nos-

121 1460 122 1463 Ὺ
222 1313 291 1422 tri
315 1345 457 1458 parte
483 1309 750 1424 bleramus
777 1313 1017 1461 polliciti.
1111 1313 1224 1423 Cur
1254 1317 1465 1424 tertium
1492 1317 1656 1426 Nev-

220 1471 342 1575 toni
371 1467 593 1580 Librum
636 1474 691 1578 in
728 1470 854 1580 duas
898 1467 1200 1581 dividamus
1238 1490 1407 1614 partes
1458 1470 1655 1596 datam-

102 1742 105 1760 ,
218 1657 336 1766 que
359 1623 520 1734 fidem
547 1663 658 1732 non
682 1623 983 1739 liberemus,
1023 1626 1079 1730 in
1111 1621 1271 1732 caussa
1300 1613 1417 1734 sunt
1441 1623 1652 1769 praecla-

99 1772 102 1813 ³
212 1786 277 1881 ia
318 1778 384 1887 de
430 1775 576 1888 fluxu
617 1792 668 1890 &
714 1773 914 1890 refluxu
948 1781 1101 1888 maris
1140 1817 1302 1924 opera
1341 1813 1461 1926 quae
1509 1818 1649 1888 anno

214 1963 394 2072 1740.
431 1935 463 2041 al
495 1933 849 2044 Celeberrimzl
880 1929 1137 2044 Parisrensr
1175 1935 1467 2043 Academial
1517 1971 1649 2080 prae·
1719 1997 1722 2004 .

202 2085 334 2192 mio
350 2083 501 2199 suere
518 2093 889 2200 condecorata.
935 2093 1045 2198 Tot
1064 2097 1240 2198 &tam
1263 2088 1453 2197 eximia
1475 2091 1528 2194 in
1548 2087 1648 2196 his·

196 2273 277 2346 ce
313 2243 565 2390 operibus
595 2248 933 2356 continentur
956 2281 1074 2392 quae
1106 2281 1217 2349 non
1249 2243 1316 2352 ad
1344 2237 1541 2375 fluxum
1565 2282 1646 2354 rc·

199 2389 532 2547 fluxumque
561 2403 713 2512 maris
745 2403 1007 2528 duntaxat,
1042 2393 1132 2508 sed
1158 2401 1315 2508 eriam
1336 2398 1402 2506 ad
1422 2435 1646 2544 genera·

58 2630 61 2670 r
196 2545 285 2654 les
313 2559 631 2700 aurafflonis
658 2555 804 2704 leges
828 2553 1229 2700 universamque
1250 2553 1645 2662 Astronomiam

198 2697 511 2818 referuntur
537 2741 596 2820 ut
631 2709 830 2821 Clariis.
856 2713 952 2817 Vir
972 2713 1040 2817 D.
1064 2713 1110 2832 J.
1133 2709 1193 2814 L.
1220 2714 1641 2818 CALANumNus

69 2869 70 2872 ‘
196 2861 368 3000 cujus
382 2863 597 2972 consilia
610 2865 847 3010 impense
861 2900 1188 3008 veneramur,
1209 2900 1306 2970 nos
1326 2860 1523 3005 optim&
1536 2857 1641 2968 sac-

77 3106 80 3164 3
195 3043 356 3123 turos
389 3019 716 3160 judicaverit,
758 3015 792 3123 s1
817 3019 1065 3161 pradisla
1086 3014 1339 3162 opuscula
1367 3016 1427 3122 iis
1456 3015 1640 3156 adjun-

198 3205 463 3317 geremus
491 3169 930 3320 propositionibus
958 3209 1089 3317 quas
1120 3173 1185 3278 dc
1216 3165 1360 3278 fluxu
1394 3179 1444 3278 &
1483 3161 1639 3277 reflu-

202 3363 278 3434 xu
313 3329 469 3434 maris
503 3327 665 3440 habet
695 3333 1014 3445 Newtonus3
1055 3328 1203 3470 quod
1237 3324 1457 3469 quidem
1489 3359 1637 3429 com-

87 3537 88 3553 2
202 3475 377 3586 mod&
406 3478 518 3588 fieri
552 3520 663 3588 non
698 3511 936 3627 poterat,
986 3476 1078 3584 nisr
1113 3480 1319 3588 tertium
1353 3474 1544 3584 librum
1576 3477 1635 3580 in

203 3637 342 3744 duas
360 3664 531 3778 partes
561 3637 925 3745 divideremus,
1006 3637 1262 3768 Quamvis
1286 3667 1403 3740 eam
1428 3629 1636 3774 religio·

202 3788 260 3898 se
278 3791 550 3925 servemus
572 3789 771 3936 legem,
795 3787 898 3898 sm&
918 3787 1024 3936 qual
1041 3785 1288 3896 honestus
1307 3783 1524 3928 scriptor
1543 3819 1632 3892 ne-

203 3939 442 4066 mQ·elsc
471 3943 673 4090 potest,
727 3941 1009 4056 utscilicet
1037 3941 1172 4047 nihil
1209 3938 1408 4086 infigne
1445 3974 1505 4044 ex
1538 3933 1632 4040 ali-

201 4137 323 4244 quo
351 4107 554 4211 Autore
580 4103 637 4206 in
663 4097 817 4210 usum
845 4097 1079 4208 nostrum
1101 4126 1467 4203 convertamus
1501 4087 1631 4232 quin

207 4259 253 4359 ei
286 4259 442 4404 quod
468 4256 622 4367 suum
652 4255 759 4384 est,
795 4249 924 4363 dum
951 4252 1102 4360 locus
1134 4249 1394 4372 occurrit,
1435 4239 1631 4352 tribua·

198 4443 320 4528 rur,
354 4409 662 4561 ‘specialem
696 4403 1035 4542 nihilominbs
1075 4407 1207 4550 grati
1241 4400 1402 4508 animi
1436 4387 1632 4540 fignifi-

188 4575 467 4688 cationem
504 4563 732 4714 profiteri
757 4563 1005 4677 volumus
1032 4553 1326 4671 Clarilsnnis
1362 4550 1614 4806 omnicllue

699 4741 702 4750 ’
1540 4735 1634 4808 au·
1799 4721 1806 4738 ·
