4354 5678
61 473 100 507 -‘
199 555 303 640 sAD
329 553 513 634 LUNAE
538 551 887 632 THEORIAM
912 546 1411 634 NEWTONIANAM.
1474 577 1539 635 νη

103 693 196 793 ipsos
222 692 452 766 observatores
481 683 545 760 stnt
575 683 763 775 adstridlae,
797 711 880 760 mox
903 691 1005 762 tradit
1030 689 1144 786 quales
1172 691 1376 788 aquationes
1401 713 1445 762 cx
1473 687 1539 764 suis

104 795 242 872 calculis
267 791 505 887 emergant&
534 811 690 884 quaenatn
716 785 779 862 srnt
804 813 919 863 earum
949 791 1073 886 Leges.v

160 894 279 992 Ipsum
308 917 378 964 tarn
405 887 696 963 observationibus
724 913 801 964 ante
825 887 934 987 ipsunt
956 887 1142 979 institutis,
1175 914 1277 986 quam
1300 889 1543 964 observationi-

107 999 175 1074 bus
201 989 455 1070 Flanrstadianis
481 987 579 1062 usum
605 983 669 1064 effe
691 988 830 1079 conflat,
855 993 926 1062 itno
952 993 991 1066 δι
1016 991 1127 1088 ipsum
1151 993 1274 1066 exinde
1298 987 1449 1064 Tabulas·
1469 990 1544 1066 Lu·

109 1122 209 1172 nates
233 1091 294 1168 fibi
318 1084 534 1164 construxisse
553 1089 685 1186 liquet,
719 1116 763 1166 ex
787 1093 910 1188 quibus
933 1091 1038 1164 multa
1062 1091 1189 1188 profert
1217 1114 1359 1186 quatum
1386 1092 1545 1187 pleraque

106 1200 149 1272 in
168 1193 411 1291 Rudolphinis,
436 1190 554 1263 aut'in
574 1190 783 1263 Ludoviceis
809 1189 951 1262 Tabulis
975 1190 1071 1264 facile
1090 1215 1160 1262 non
1183 1193 1458 1288 comperiuntur,
1485 1191 1543 1266 sed

110 1295 190 1395 quae'
222 1291 371 1368 maxime
402 1289 617 1380 consentiunt
648 1315 725 1362 curn
753 1293 852 1362 novis
885 1287 938 1361 Ill.
961 1287 1085 1362 Callini
1111 1290 1282 1379 Tabulis,
1323 1294 1369 1362 ita
1405 1314 1548 1388 usquo

109 1394 296 1497 pessedisse
322 1392 416 1484 Coeli
441 1414 554 1463 motus
580 1388 783 1487 dignoscunt
806 1387 1006 1464 Aslronorni
1036 1415 1079 1466 eo
1105 1393 1244 1492 propius
1274 1393 1318 1465 ad
1338 1390 1546 1466 Neutottia·

108 1523 171 1572 naa
195 1495 363 1571 Theoriat
385 1493 544 1565 accedere
561 1493 866 1587 deprehendantur.

167 1625 242 1700 UT
269 1626 385 1718 itaque
412 1620 503 1695 Solis
523 1615 668 1692 actionis
694 1619 730 1690 in
756 1617 893 1692 Lunam
923 1621 963 1693 δι
989 1621 1060 1715 ejus
1085 1621 1228 1695 orbitam
1251 1621 1410 1696 habeatur
1435 1625 1550 1704 ratior

109 1725 267 1802 Primum
300 1719 359 1794 fiat
391 1717 570 1793 abstractio
600 1720 857 1792 excentricitatis
895 1719 1029 1794 Orbitae
1053 1745 1121 1794 tam
1157 1719 1305 1796 Telluris
1336 1743 1439 1816 quam
1474 1723 1573 1794 Lu-=

108 1853 195 1914 nat,
240 1823 506 1921 deprehenditur
542 1821 638 1915 quod
676 1844 720 1896 ex
751 1818 841 1892 Solis
883 1819 1017 1896 anione
1051 1817 1171 1895 mensis
1209 1821 1403 1896 Periodicus
1438 1823 1552 1895 Lunae

113 1927 251 2025 longior
283 1925 404 1998 evada
430 1924 470 1993 δι
506 1919 577 2011 ejus
606 1917 731 1994 Orbita
766 1931 810 1992 eit
841 1921 993 1994 circulari
1027 1925 1065 1994 in
1094 1919 1247 2021 Ellipsun
1271 1945 1420 1996 mutetur
1451 1923 1546 2017 cujus

111 2051 194 2100 axes
216 2049 277 2124 per
300 2021 401 2121 Prop.
430 2016 617 2095 XXVIII.
643 2020 719 2092 sunt
749 2022 972 2092 decenninati.
1010 2017 1015 2028 ’

164 2124 339 2212 Secundd,
364 2146 435 2194 tant
455 2144 499 2194 ex
524 2120 566 2194 ed
587 2116 698 2216 figurd
716 2143 820 2215 quant
845 2117 968 2194 Orbita
992 2119 1102 2192 Lunae
1126 2120 1238 2194 induit
1260 2146 1360 2218 quam
1388 2147 1432 2197 ex
1454 2129 1548 2196 acce2

109 2227 274 2300 letatione
300 2224 410 2296 Lunae
432 2244 584 2318 peream
603 2243 733 2316 partem
755 2219 898 2292 adlionis
925 2219 1014 2294 Solis
1034 2243 1109 2316 quac
1131 2221 1321 2294 secundum'
1331 2221 1547 2318 Tangentem

111 2329 232 2400 orbitae
251 2325 401 2398 Lunaris
417 2323 589 2418 dirigitur,
614 2318 760 2392 nascitur
779 2313 933 2394 Variatio
958 2344 1061 2416 quarn
1083 2319 1211 2418 Tycho
1238 2325 1367 2418 primus
1393 2320 1550 2395 observa-

111 2429 178 2515 vit,
206 2428 246 2500 &
269 2425 454 2497 martianam
471 2424 509 2492 in
526 2420 732 2494 ostentione
753 2420 841 2520 40'}
863 2415 994 2502 statuit,
1020 2419 1111 2492 issam
1129 2419 1182 2494 Ill.
1204 2417 1352 2494 Calllnus
1373 2423 1452 2494 facit
1474 2423 1554 2520 33²e

111 2535 203 2634 40'l.
228 2535 264 2604 in
286 2531 473 2605 Elementis
502 2525 757 2608 Astronomiae,
779 2537 853 2603 eain
876 2529 960 2602 verd
986 2531 1056 2626 {pse
1082 2517 1276 2604 NeWtouua
1303 2535 1340 2602 in
1366 2525 1548 2628 hypothesi

112 2635 239 2708 orbitas
260 2629 410 2706 Telluris
433 2633 476 2704 δι
499 2627 608 2702 Luna
622 2626 689 2704 esse
705 2628 879 2703 circulares
897 2631 1071 2729 35'.·10''.
1087 2629 1263 2704 calculavit
1281 2629 1383 2730 Prop.
1401 2629 1554 2704 xxlx.

162 2733 288 2808 Tertid
313 2757 356 2806 ex
381 2731 421 2803 ed
452 2730 541 2803 Solis
573 2729 711 2802 adione
735 2729 877 2801 nascitur
906 2752 1018 2806 motus
1047 2727 1084 2802 A
1111 2734 1197 2826 ogaei
1225 2731 1371 2805 Lunaris
1401 2733 1437 2803 in
1467 2734 1551 2803 con-

112 2833 313 3010 {qpeqtin
353 2831 449 2930 cujus
474 2852 587 2902 motus
619 2829 879 2902 furdaurentum
912 2830 1039 2902 indicat
1064 2756 1260 2905 llewtonus
1286 2833 1387 2930 Prop.
1413 2829 1555 2907 XLV.

153 2962 199 3006 1.
244 2988 253 3005 .

168 3032 305 3122 Quarto
328 3034 409 3106 inde
435 3033 614 3105 deducitur
640 3053 758 3102 monis
781 3029 918 3104 medius
937 3029 1105 3102 nodotum
1132 3029 1233 3130 Prop.
1263 3029 1461 3107 XXIIII.
1487 3033 1552 3104 ob-

113 3133 358 3210 servationibus
384 3131 540 3228 proximi
569 3154 770 3226 congruus3
809 3127 950 3217 Quinto
975 3131 1122 3228 denique
1154 3127 1387 3208 Inclinatiouis
1419 3133 1559 3210 Orbitas

112 3231 263 3310 Lunaris
287 3233 431 3306 mutatio
453 3230 638 3327 explicatur
665 3230 765 3326 Prop.
794 3227 979 3306 XXXIV.
1003 3232 1042 3302 δι
1069 3228 1235 3307 XXXV,

164 3363 273 3439 Nunc
303 3365 388 3438 vetd
422 3365 623 3461 adjungant
654 3358 876 3436 consideratio
902 3361 1172 3438 Excentricitatis
1209 3364 1341 3441 Orbitae
1373 3363 1555 3456 Telluris,

114 3466 157 3546 ed
180 3463 220 3538 ht
253 3487 293 3538 ut
314 3463 405 3537 adlio
434 3465 522 3540 Solis
553 3464 660 3558 ma'pt
692 3459 734 3553 stt
756 3486 833 3536 curn
860 3486 947 3536 terra
977 3461 1023 3536 esl
1047 3467 1084 3537 ln
1113 3466 1281 3542 Perihelio
1307 3467 1367 3540 suo
1389 3491 1492 3565 quarn
1515 3469 1557 3538 in·

115 3566 295 3664 Apheli03
320 3563 407 3640 Inde
431 3567 581 3639 otientur
605 3563 829 3638 cortedliones
849 3565 1025 3636 variabis
1051 3569 1209 3639 ornnibus
1244 3567 1354 3640 Lunae
1383 3568 1558 3641 erroribus

116 3665 366 3763 adjungendae;
402 3665 556 3737 Primltm
575 3663 654 3736 cisni
673 3660 793 3738 mensls
821 3662 1016 3738 Petiodicus
1047 3665 1156 3738 Luna·
1183 3691 1245 3764 per
1263 3667 1453 3742 Aaronem
1484 3667 1552 3740 So·

116 3768 162 3840 Iis
194 3767 329 3862 longior
364 3767 486 3839 evadat
517 3767 558 3837 &
584 3789 697 3838 motus
734 3765 805 3857 ejus
840 3765 973 3837 medius
1007 3789 1190 3862 augeatur,
1237 3770 1276 3840 id
1304 3770 1557 3842 incrementum

114 3867 257 3964 quando
283 3889 371 3938 terra
390 3861 438 3938 est
467 3866 508 3936 in.
526 3864 694 3936 Perihelio
721 3866 834 3959 majus
854 3861 901 3938 est
924 3887 1027 3960 quam
1050 3891 1129 3938 cum
1156 3865 1207 3940 est
1223 3870 1266 3966 in.
1283 3868 1446 3966 Aphelio,
1471 3869 1558 3940 hinc·

114 3993 161 4043 ea
183 3967 323 4040 tardatio
348 3965 556 4061 inequalitas
581 3965 616 4036 in
637 3987 768 4036 morum
798 3961 907 4036 Luna
933 3963 1129 4054 distributa,
1162 3967 1263 4040 efficit
1289 3991 1327 4040 ut
1348 3971 1415 4039 hoc
1437 3971 1555 4040 nomi-

115 4093 166 4140 ne
189 4067 282 4138 loeus
307 4065 379 4158 ejus
403 4090 464 4163 per
489 4065 641 4137 medium
661 4087 792 4136 motum
815 4065 973 4137 inventus
997 4071 1039 4140 ab
1060 4066 1132 4157 ejus
1161 4091 1244 4138 vero
1273 4069 1349 4138 l'oco
1371 4064 1556 4156 dissentiat,

113 4170 201 4240 hinc
233 4168 346 4264 itaque
378 4168 468 4238 notis
500 4159 618 4237 nostris
649 4166 693 4238 ad
718 4165 855 4236 initium
881 4163 1010 4238 Scholii
1042 4166 1088 4237 ad
1113 4166 1236 4238 calcem
1259 4167 1360 4263 Prop.
1386 4165 1555 4241 XXXV,

114 4265 244 4360 adjecti
277 4268 389 4362 quod,
417 4267 462 4338 ad
498 4289 605 4337 totam
637 4265 747 4338 Lunae
787 4261 975 4335 Theoriam
1008 4267 1153 4358 pertinet
1193 4269 1437 4345 incrementum
1474 4289 1554 4339 nte-

114 4369 219 4442 dium
233 4390 359 4456 'motus
381 4367 485 4440 medii
512 4391 559 4440 ex
585 4365 718 4437 actione
748 4363 837 4438 Solis
858 4385 971 4436 ortum
997 4360 1216 4459 assignamus,
1242 4389 1316 4438 tunt
1334 4363 1447 4462 possea
1473 4390 1557 4462 ape-

113 4469 226 4540 timus
261 4469 426 4542 tationem
454 4467 522 4563 qud
549 4467 695 4538 obtineri
725 4459 832 4560 potest
867 4465 1010 4558 aquatio
1043 4489 1107 4536 ceu
1138 4465 1303 4539 corredlio
1336 4489 1449 4538 ntotut
1479 4491 1557 4539 me-·

111 4569 170 4641 dii
204 4569 396 4642 adhibenda
425 4590 562 4664 propter
592 4566 790 4662 inequalem
821 4563 938 4636 Terrae
972 4563 993 4636 ai
1028 4564 1108 4638 Sole
1133 4563 1319 4638 distantiam
1330 4617 1342 4655 ,
1378 4589 1454 4662 quae
1476 4569 1560 4663 qui-

111 4669 200 4742 dem
231 4670 374 4762 aequatio
396 4669 585 4751 continetur
608 4669 647 4744 in
674 4667 719 4743 ed
741 4687 845 4765 quam
865 4660 925 4742 lib
943 4661 1122 4761 §affinitas
1158 4667 1258 4761 titillo
1281 4670 1397 4762 {rima
1422 4669 1560 4768 Equae-

27 4775 29 4778 ’
106 4775 211 4860 pionis
237 4769 387 4878 §olm
417 4766 534 4845 stedia
1479 4859 1557 4942 w
