4558 5676
511 492 843 574 Parucrura
905 472 1375 573 blnemuarrcr.
1533 507 1653 599 -655

223 642 384 732 obseura
422 656 463 730 δι
502 621 647 756 exigba.
732 651 836 730 Nam
865 669 966 728 anno
1000 655 1118 730 1668.
1147 643 1267 730 Mart.
1297 673 1330 749 5.
1360 648 1396 726 st.
1435 670 1523 730 nov.
1560 648 1654 728 hori
1681 643 1833 777 TUM

225 767 381 876 septimi
410 763 620 875 vespertinb
650 761 696 846 R.
733 763 777 851 Ρ,
807 765 1025 845 Valentinus
1055 760 1276 862 Ellarreiut,
1328 739 1830 874 Brab'r'aeagens,e¹s{¹1f.⁸‘
1894 797 1898 808 ·

225 908 424 967 cometam
455 881 550 964 vidit
574 887 766 968 horizonti
794 895 1012 996 proximum
1046 878 1095 961 ad
1111 879 1288 964 occasum
1319 885 1401 965 solis
1428 881 1656 980 brumalem,
1683 873 1829 1008 mne

225 1010 351 1112 capite
376 1007 540 1084 minimo
569 1014 610 1086 δι
643 1011 706 1082 ιιῐιι
733 1005 960 1114 conspicuO,
995 998 1117 1083 caudi
1149 1003 1239 1082 verb
1264 1007 1368 1112 suprit
1398 999 1557 1084 modum
1590 1005 1658 1084 ful·
1685 1028 1779 1090 xxi.
1817 991 1827 1010 ”
1872 1101 1878 1114 ,

225 1144 367 1233 gente,
410 1139 452 1202 ut
478 1125 612 1202 stantes
641 1129 679 1200 in
704 1126 832 1204 littore
862 1125 1025 1232 speciem
1051 1123 1129 1222 ejus
1165 1120 1186 1202 ὲ
1220 1132 1316 1204 mari
1341 1121 1520 1202 reflexam
1549 1121 1661 1204 facili:

227 1262 440 1320 cernerent.
501 1242 676 1346 Speciem
710 1251 843 1352 utique
881 1239 1047 1321 habebat
1075 1237 1189 1321 trabis
1232 1237 1467 1352 splendentia
1490 1244 1661 1351 longitu-

226 1350 318 1436 dine
345 1389 365 1438 2
376 1385 391 1460 3
428 1353 640 1468 graduum,
672 1360 722 1440 ab
758 1354 963 1440 occidente
994 1367 1035 1443 in
1071 1361 1234 1440 austrum
1260 1387 1446 1471 vergens,
1479 1372 1518 1442 δι
1554 1361 1695 1472 bori-x

225 1480 334 1554 zonti
361 1474 440 1555 sere
463 1479 651 1583 parallelo.
715 1481 863 1560 Tantus
895 1500 1023 1559 autem
1047 1473 1222 1585 splendor
1250 1502 1324 1560 tres
1349 1480 1469 1560 solum
1489 1473 1570 1558 dies
1594 1473 1663 1558 du.

224 1592 335 1675 rabat
354 1645 365 1689 ,
411 1590 568 1675 subinde
606 1596 826 1679 notabiliter
865 1591 1118 1683 decrescensr
1160 1608 1200 1678 δι
1236 1605 1380 1679 interea
1417 1591 1662 1704 decrescente

225 1707 424 1821 splendore
450 1715 557 1795 aubia
584 1718 635 1796 est
660 1710 924 1827 magnitudine
956 1709 1092 1795 cauda.
1155 1715 1279 1798 Unde
1305 1723 1422 1799 etiam
1446 1723 1485 1797 in
1512 1712 1662 1822 Lustra-

228 1828 298 1910 uid
320 1855 497 1940 quartam
524 1832 602 1912 serit
629 1837 719 1917 coeli
747 1858 892 1945 partem
924 1828 1085 1931 (idest,
1115 1829 1254 1943 gradus
1281 1841 1357 1937 45)
1385 1829 1582 1944 occupasse
1604 1828 1662 1916 di·

227 1953 326 2031 citur
360 1943 642 2034 ab'occidcnte
671 1962 713 2035 in
744 1960 935 2034 orientem
968 1945 1166 2061 splendore
1193 1979 1284 2034 cum
1312 1953 1444 2064 insigni
1473 1952 1659 2062 protensas

227 2093 302 2146 uec
327 2090 457 2149 tamen
488 2091 571 2151 tota
595 2078 791 2181 apparuit,
830 2079 954 2180 capite
984 2069 1131 2178 semper
1159 2077 1197 2150 in
1232 2072 1289 2153 his
1316 2071 1533 2182 regionibus
1559 2071 1662 2153 ‘insti

226 2184 474 2267 horizontem
502 2183 758 2274 delitescente.
831 2194 886 2272 Ex
913 2195 1156 2269 incremento
1185 2185 1316 2272 caudae
1342 2186 1662 2273 &decremento

226 2298 435 2413 splendoris
456 2308 695 2393 manifestum
721 2313 791 2408 cll,
824 2303 931 2419 quod
952 2331 1069 2417 caput
1096 2305 1118 2388 *a
1148 2307 1223 2388 sole
1247 2307 1406 2406 tecelsrt,
1435 2316 1548 2416 eique
1574 2338 1662 2420 pro.

226 2430 375 2506 ximum
403 2420 475 2507 fuit
502 2432 642 2522 initio,
672 2455 743 2541 pro
770 2453 881 2509 more
909 2451 1074 2508 cometae
1100 2435 1190 2508 anni
1229 2438 1348 2512 1680.
1413 2429 1462 2512 Et
1485 2431 1523 2508 in
1550 2429 1664 2508 claro.

227 2546 321 2621 nico
349 2543 523 2622 Saronico
554 2545 682 2630 similis
709 2551 847 2656 legitur
877 2568 1032 2627 cometa
1060 2553 1148 2626 anni
1185 2561 1305 2627 1106.
1333 2543 1437 2657 cujus
1458 2541 1562 2655 stella
1584 2565 1664 2624 erat

224 2682 347 2770 parva
378 2662 424 2741 eb·
451 2659 596 2774 obseura
631 2673 697 2762 (ut
722 2668 785 2746 'rlle
809 2671 898 2745 anni
937 2675 1040 2748 1680
1052 2683 1065 2760 l
1087 2659 1154 2774 sed
1162 2657 1331 2774 splendor
1361 2675 1426 2777 qui
1446 2689 1490 2739 eor
1512 2687 1553 2740 ea
1581 2666 1658 2742 exi.

228 2801 290 2855 vet
316 2779 428 2858 valde
456 2784 574 2860 clarus
608 2783 653 2862 a
678 2781 778 2894 quob
804 2791 928 2886 angens
956 2779 1054 2858 trabs
1094 2777 1144 2857 ad
1176 2785 1348 2860 orientem
1384 2783 1663 2891 &aquilonem

228 2895 429 2996 tendebat,
459 2926 502 2983 ut
528 2901 644 2982 habet
669 2909 787 2983 etiam
814 2899 997 2979 Heveliur
1028 2925 1075 2979 ex
1109 2897 1272 2977 Simeone
1309 2898 1547 3002 Duner'meufi
1574 2903 1666 2982 Mo.

228 3015 369 3099 nacho.
429 3025 617 3129 Apparuit
650 3027 761 3100 initio
787 3019 922 3100 mensus
954 3013 1156 3115 Februarii,
1188 3047 1233 3099 ac
1257 3013 1438 3130 deinceps
1465 3027 1567 3100 circa
1586 3016 1665 3100 ves

229 3159 374 3242 peram,
408 3132 455 3217 ad
483 3137 660 3218 occasum
687 3140 772 3217 solis
799 3137 1026 3219 brumalem.
1086 3131 1181 3217 Inde
1212 3139 1307 3216 vero
1335 3149 1374 3221 δι
1404 3167 1453 3219 ex
1477 3139 1545 3218 srru
1576 3166 1663 3218 cau·

229 3245 287 3332 dac
324 3256 517 3365 colligitur
549 3281 663 3366 caput
695 3249 798 3336 suilse
829 3255 896 3337 soli
932 3261 1114 3335 vicinum.
1191 3253 1235 3330 A
1251 3251 1355 3364 stole,
1388 3261 1515 3362 inquit
1553 3253 1664 3332 Mat-

229 3365 342 3448 tbaeus
372 3372 592 3480 Parifienfis,
623 3371 777 3478 delirabat
805 3372 905 3484 quast
927 3370 1047 3450 cubrto
1072 3397 1174 3471 uno,
1219 3371 1267 3452 ab
1297 3368 1385 3452 bord
1417 3366 1530 3452 tertid
1552 3383 1664 3470 (rec-
1705 3397 1709 3408 ·

228 3493 303 3569 tius
326 3493 456 3590 sexta)
482 3489 592 3606 usque
619 3491 669 3608 ad
695 3488 818 3572 boram
842 3519 973 3572 nouam
1000 3487 1148 3570 radium
1176 3517 1221 3569 ex
1242 3485 1284 3604 se
1305 3491 1451 3601 longum
1484 3495 1664 3578 emittent.

229 3606 335 3691 Talis
358 3622 472 3694 etiam
506 3635 586 3695 erat
615 3608 893 3696 ardentilbmus
922 3614 987 3694 ille
1014 3633 1166 3693 cometa
1194 3609 1242 3694 ab
1274 3609 1466 3725 Aristotele
1496 3606 1661 3720 descrip·
1780 3691 1784 3700 ,

228 3746 288 3810 tus
310 3728 375 3810 lib.
417 3759 451 3816 1·
476 3735 642 3815 Mereor.
672 3749 708 3815 6.
737 3729 840 3840 cujus
872 3754 982 3844 caput
1003 3743 1121 3843 primo
1149 3727 1209 3808 die
1232 3757 1302 3811 non
1333 3725 1556 3843 conspersum
1588 3725 1658 3839 est,

230 3868 267 3920 eo
295 3846 390 3958 quod
416 3873 501 3930 ante
530 3846 643 3961 senem
669 3849 730 3931 vel
752 3845 887 3962 saltem
909 3845 980 3963 sub
1014 3847 1128 3929 radiis
1154 3847 1334 3960 solaribus
1361 3847 1564 3956 oecidrffet,
1596 3843 1657 3958 se.

232 3989 360 4072 quente
384 3995 470 4046 vero
499 3966 557 4048 die
585 3994 766 4079 quantum
791 3977 913 4085 potuit
943 3965 1065 4080 vesum
1089 3964 1143 4078 est.
1223 3965 1331 4050 Nam
1359 3997 1469 4084 quaen
1497 3969 1659 4046 minima

211 4075 307 4181 'fieri
328 4085 435 4200 potepl
459 4084 630 4202 defloratio
651 4085 764 4199 solem
789 4093 963 4204 reliquit,
993 4091 1039 4172 δ’
1069 4114 1153 4167 mox
1176 4087 1353 4173 occubuit.
1415 4085 1472 4168 Ob
1500 4090 1661 4167 nimium

231 4199 394 4283 ardorem
428 4203 584 4306 (caudae
615 4210 781 4307 scilicet)
824 4208 982 4290 nondum
1008 4203 1207 4323 apparebat
1226 4213 1358 4323 capitit
1377 4201 1525 4320 sparsus
1550 4207 1663 4316 ignis,

222 4313 295 4430 sed
325 4322 532 4437 procedente
567 4351 719 4440 tempore
751 4337 827 4432 (ait
856 4333 1095 4423 Aristoteles)
1128 4354 1211 4405 cum
1236 4322 1411 4426 (cauda)
1428 4325 1516 4434 jam
1542 4328 1664 4402 minut

225 4439 440 4553 flagraret,
472 4442 612 4526 reddita
642 4445 685 4556 est
713 4459 729 4548 (
744 4459 859 4558 capiti
874 4457 889 4544 l
916 4474 1057 4529 ramera
1073 4443 1145 4560 suu
1167 4443 1302 4552 fueret.
1366 4443 1416 4522 Et
1440 4440 1666 4558 splendorem

222 4557 336 4669 suum
365 4557 415 4640 ud
445 4572 590 4643 tertiam
620 4563 730 4678 ujpue
758 4579 836 4649 aar
869 4593 1009 4683 partem
1041 4565 1212 4670 (idest,
1251 4560 1299 4650 ad
1328 4569 1461 4677 60gr.)
1492 4557 1667 4644 extendit.

234 4676 429 4796 Apparuit
457 4704 582 4764 autem
611 4707 764 4802 tempore
788 4683 941 4804 hyberno
964 4705 1050 4799 (an.
1076 4715 1116 4786 4.
1140 4691 1284 4799 olymp.
1316 4691 1436 4784 101.)
1468 4681 1515 4767 d*
1543 4675 1666 4880 usgeb-

1603 4819 1662 4880 ml
