4482 5658
572 465 647 569 'a
908 475 1337 568 Purrosortita
1397 479 1765 571 Ntruxsuts

877 711 1292 936 REG
1351 713 1454 922 U
1513 715 1603 924 L
1663 702 1802 930 AE

669 1037 1974 1306 ¹r>toruosorrruupt

436 635 488 694 Dr
501 629 592 688 Mott-

439 727 475 767 or
493 709 600 769 stru·

441 799 533 848 ΜΑΤΙ

1049 1457 1427 1548 REGULA
1484 1461 1632 1555 1.(³·).

625 1645 764 1770 Causas
798 1681 919 1736 rerum
951 1649 1183 1736 naturalium
1214 1675 1285 1733 nort
1313 1650 1432 1766 plures
1459 1648 1612 1732 admitti
1640 1650 1788 1751 debere,
1832 1677 1944 1759 quam
1962 1677 2058 1764 ⁴qna

715 1777 762 1858 ὰ
790 1802 888 1857 uera
907 1771 981 1882 fint
1017 1773 1063 1854 ti
1091 1795 1217 1850 tarum
1247 1767 1488 1890 plrantmenis
1515 1768 1740 1887 explicandis
1761 1767 1962 1888 sufficiant.

623 2013 628 2026 ·
750 1969 861 2062 Icunt
888 1974 1021 2078 utique
1052 1964 1293 2078 philosophi:
1322 1971 1471 2051 Natura
1494 1965 1592 2048 nihil
1615 1974 1694 2077 agit
1719 1966 1874 2064 iiustra,
1905 1976 1946 2048 δι
1971 1961 2060 2046 frus·

780 2095 837 2169 'tra
867 2089 912 2168 fit
937 2113 1004 2196 per
1034 2089 1143 2196 plura
1168 2078 1277 2196 quod
1303 2089 1385 2168 sieri
1413 2083 1534 2194 potest
1559 2110 1626 2193 per
1657 2094 1848 2194 pauciora.
1909 2088 2058 2170 Natura

624 2211 734 2290 urim
757 2205 914 2315 simplex
940 2206 994 2288 eii
1021 2215 1063 2287 δε
1087 2231 1215 2287 rerum
1233 2205 1361 2310 ¹caulis
1386 2201 1579 2318 superfluis
1604 2229 1686 2284 non
1714 2207 1891 2288 luxuriat.

1091 2394 1603 2482 REGULA11.

631 2589 782 2711 ltlta'put
812 2591 1006 2704 efftimum
1040 2586 1270 2671 naturalium
1304 2585 1464 2704 ejusdem
1497 2596 1641 2702 generis
1673 2589 1807 2674 eadem
1846 2587 2064 2705 affignandae

987 2707 1078 2826 sum
1105 2704 1249 2822 causa,
1279 2708 1457 2822 paitraus
1472 2708 1560 2814 fieri
1588 2707 1709 2828 potest.

691 2883 770 2993 Uis
797 2909 1050 3020 respirationis
1083 2911 1123 2990 in
1155 2905 1316 2990 homine
1347 2919 1389 2990 ic
1418 2913 1459 2990 in
1484 2889 1623 2998 bestiis
1664 2903 1859 2990 descensus
1895 2903 2067 3019 lapidum

632 3035 677 3112 in
707 3025 856 3139 Europus
878 3040 920 3112 oc
950 3034 990 3110 in
1014 3021 1218 3114 Americuir
1248 3029 1343 3112 lucis
1371 3033 1412 3107 in
1442 3034 1532 3137 igne
1558 3031 1717 3112 colinari
1738 3037 1779 3112 δι
1796 3033 1838 3110 in
1863 3027 1974 3118 Soles
2010 3055 2067 3108 re-

633 3145 807 3232 flexionis
837 3149 933 3230 lucis
962 3153 1004 3230 iu
1031 3145 1203 3243 terri&
1234 3149 1274 3230 in
1302 3146 1475 3256 planetis.
1951 3266 1991 3350 R
2020 3247 2048 3346 E

654 3609 740 3689 lt)
779 3629 827 3681 49·
846 3612 870 3659 ‘l‘
889 3613 993 3690 Regula
1012 3614 1114 3692 prinu
1154 3611 1257 3672 ilaecr
1294 3629 1327 3671 ιι·
1377 3609 1451 3672 iicet
1471 3611 1506 3672 ari
1526 3611 1678 3674 raritatem
1700 3608 1780 3674 novis
1797 3605 2000 3690 experimentis
2021 3609 2068 3669 in·

643 3682 674 3746 ia
692 3687 759 3746 duas
779 3687 865 3747 hahet
885 3707 1002 3768 partes,·
1021 3687 1109 3767 prima
1134 3687 1190 3756 eil,
1211 3693 1282 3748 nei>
1306 3687 1328 3746 i·
1378 3688 1545 3765 iugandum,
1567 3689 1809 3766 quemadmodum
1832 3687 2000 3748 Astronorni
2022 3707 2071 3746 ra·

642 3759 775 3842 losophia
801 3761 830 3820 in
856 3783 925 3825 varra
945 3765 1030 3824 abeat
1058 3763 1227 3846 opinionum
1247 3783 1330 3826 cotn-
1379 3763 1434 3822 rias
1448 3763 1638 3825 adhibuerunt
1657 3763 1833 3842 hypotheses
1855 3783 1885 3824 ut
1903 3763 2071 3850 phanome·

594 3891 596 3896 .
644 3857 760 3906 menta,
781 3839 869 3900 carrsae
892 3859 986 3900 rerum
1008 3840 1176 3900 naturalium
1193 3838 1330 3900 nonalia
1380 3859 1415 3898 nst
1435 3839 1724 3928 calestia'praedicete
1745 3845 1771 3900 δι
1791 3857 1951 3900 accuratrus
1968 3839 2071 3898 obser·

642 3913 760 3972 admitti
784 3915 890 3974 debent
909 3936 994 3993 quarn
1012 3933 1073 3993 qua
1090 3915 1187 3976 reteri
1210 3913 1331 3974 eustunt
1378 3932 1468 3984 rate,
1488 3935 1575 3994 atque
1594 3916 1637 3976 ita
1658 3937 1736 3977 veras
1759 3935 1860 3977 eorum
1881 3915 1976 3976 causas
1997 3911 2071 3974 con-

645 3993 674 4047 &
696 3991 962 4068 qubpiunomenis
984 3990 1160 4069 explicandis
1176 3991 1333 4062 sufficiuuu·
1379 3989 1515 4069 jenunio
1540 3990 1707 4070 investigate
1728 3991 1847 4070 posent·
1889 3993 1989 4056 Altera
2007 4007 2072 4070 pars

645 4065 757 4126 uude‘sr
777 4065 894 4126 velimus
913 4087 976 4127 cunr
995 4067 1139 4128 evidentii
1158 4088 1191 4128 ac
1209 4067 1333 4147 cerritu-
1382 4067 1487 4146 regula
1501 4087 1534 4128 ea
1551 4067 1664 4130 scilicet
1685 4089 1746 4146 qua
1765 4064 1919 4147 praescribit
1938 4087 1996 4128 non
2009 4069 2071 4156 piu·

646 4143 714 4205 dine
733 4143 949 4278 philosophari,
968 4161 1067 4203 omnes
1091 4143 1267 4231 hypotheses
1283 4163 1333 4203 ne·
1384 4161 1431 4204 tes
1461 4143 1651 4205 admittendas
1683 4145 1737 4206 ese
1770 4163 1862 4203 retunt
1900 4145 2073 4204 naturalium

670 4220 788 4309 ligendae
814 4241 851 4281 no
874 4220 996 4290 tssuntr
1026 4219 1193 4298 hypothesis
1213 4239 1289 4280 eorm
1314 4217 1334 4280 fi
1385 4218 1481 4280 causas
1503 4241 1588 4300 quarn
1608 4240 1786 4299 quaeeotutu
1810 4219 2004 4308 phaertornenis
2023 4239 2074 4282 ex·

648 4241 779 4385 iegrtima
799 4300 850 4364 est,
870 4295 958 4360 cautis
978 4297 1095 4374 quidem
1115 4297 1335 4374 possibilitatem,
1386 4295 1527 4379 plictrudis
1546 4295 1689 4358 sufficiunt
1700 4335 1711 4368 ‚
1745 4297 1893 4359 manifesta
1920 4293 1980 4366 est;
2007 4315 2074 4355 narn

648 4374 769 4434 mt'rrinte'
799 4377 866 4434 reth
893 4369 1068 4433 existentiam
1098 4373 1239 4438 adstruit.
1269 4391 1334 4432 curn
1386 4393 1452 4434 curn
1475 4391 1541 4431 vera
1564 4371 1677 4433 effertur
1699 4372 1843 4452 oausaper
1865 4370 2074 4450 experientiam

576 4453 579 4458 '
649 4449 765 4510 rhenus
782 4449 859 4510 idern
883 4449 1007 4527 pluribus
1028 4448 1120 4507 modis
1134 4448 1255 4526 produci
1272 4447 1336 4527 pos-
1385 4447 1473 4508 sernei
1491 4447 1608 4508 inventa
1627 4449 1681 4511 ast,
1701 4455 1727 4508 it
1746 4445 1908 4510 matheseos
1928 4465 1983 4534 ope
2004 4467 2074 4526 prae·

652 4525 696 4584 iit.
749 4529 952 4585 Verumtamen
979 4525 1026 4582 ubi
1053 4523 1234 4584 certitudinis
1256 4523 1336 4584 obti-
1387 4523 1483 4584 sertim
1505 4521 1726 4586 demonstrarunt
1747 4525 1786 4585 est
1809 4521 1897 4586 causa
1917 4522 1994 4582 illrus
2010 4543 2074 4586 eam

651 4602 749 4662 nenda
775 4603 811 4663 ah
834 4597 1043 4678 Experintertris
1073 4603 1100 4656 ἃ
1130 4600 1196 4658 inde'
1220 4601 1338 4660 Mathe·
1387 4599 1442 4659 effe
1469 4595 1526 4656 ritu
1559 4619 1622 4685 quta
1651 4601 1687 4662 ad
1706 4600 1835 4661 effestum
1860 4599 2074 4676 producendum

652 4677 759 4746 marici
779 4678 825 4740 uia
843 4675 1028 4756 procedendo
1049 4673 1109 4754 spes
1137 4693 1195 4732 non
1220 4675 1337 4754 affulget
1387 4672 1531 4742 sufficiat,
1558 4674 1651 4752 liquet
1675 4677 1762 4744 aliam
1779 4674 1939 4758 quamlibet
1960 4673 2073 4742 cadat!

654 4753 859 4840 hypathrfibur
877 4747 1045 4836 quibusdam
1067 4749 1281 4834 particularibus
1295 4748 1337 4814 uti
1387 4749 1443 4813 eise
1465 4748 1611 4816 inutilem.
