4318 5682
301 455 306 468 ⁵
392 479 738 564 Parnctrra
813 471 1299 567 Marianam.
1474 481 1560 586 '573

127 647 217 706 tum
256 613 446 702 sexdecim
489 615 631 728 pedum
675 619 695 697 ”a
741 611 953 722 Flanafledio
996 615 1198 700 observata
1235 630 1277 700 ot
1304 621 1556 700 mi'cromctro
1581 629 1712 712 mn

127 748 366 834 mensurata,
399 736 572 849 aequabat
600 735 651 819 2¹.
680 732 737 816 0¹¹
751 768 762 824 a
806 738 961 816 nucleus
988 763 1118 818 autem
1145 735 1206 816 seu
1233 739 1333 818 stella
1359 745 1396 820 in
1425 735 1557 820 medio
1580 706 1732 838 iffi*

127 871 260 969 capitis
293 867 359 942 vix
389 857 583 940 decimam
617 879 763 966 partem
788 848 1000 935 latitudinis·
1030 855 1141 956 hujus·
1171 856 1413 965 occupabat,
1448 855 1554 938 ideo·
1576 856 1742 988 gratu.

127 1008 202 1086 que
231 983 304 1062 lata
324 1001 404 1059 erat
426 1000 575 1057 tantum
610 975 688 1057 11¹l
714 977 772 1054 vel
812 971 901 1054 12¹¹.
962 977 1257 1056 Lucerem&
1289 980 1459 1058 claritate
1488 1007 1554 1058 ca·
1574 950 1696 1069 ἅθ’

126 1105 213 1205 piris
242 1099 439 1206 superabat
466 1118 579 1204 caput
613 1115 780 1180 cometae,
807 1098 896 1172 anni
928 1103 1059 1188 1680,
1103 1093 1296 1202 stellasque
1328 1106 1459 1204 primae
1493 1100 1554 1177 vel

127 1211 303 1298 secundat
336 1209 607 1326 magnitudinis
630 1209 889 1294 aemulabatur.
952 1212 1142 1294 Ponamus
1160 1209 1351 1296 saturnum
1374 1241 1462 1296 cum
1494 1244 1557 1296 an·
1626 1227 1629 1234 '

127 1338 220 1414 nulo
247 1333 314 1414 suo
347 1335 450 1447 quast
477 1328 691 1443 quadruplo
719 1323 947 1418 lucidiorem
972 1323 1101 1412 suilsea
1121 1342 1161 1412 &
1193 1341 1378 1438 quoniam
1404 1339 1468 1416 lux
1493 1364 1559 1416 an·

126 1456 206 1533 nuli
235 1451 519 1563 propemodum
552 1447 727 1559 aequabat
760 1451 887 1530 lucem
916 1445 1022 1558 globi
1059 1445 1307 1547 intermedii,
1340 1465 1379 1536 δε
1407 1448 1558 1534 diame-

127 1596 185 1654 ter
213 1599 398 1680 appatens
425 1570 533 1686 globi
559 1570 602 1649 srt
639 1569 741 1680 quast
779 1563 861 1648 21¹¹
879 1627 893 1663 ,.
921 1562 1089 1677 ideoque
1118 1569 1182 1650 lux
1216 1569 1320 1680 globi
1355 1585 1394 1654 &
1429 1576 1560 1656 annuli

127 1692 363 1794 conjunctim
403 1713 571 1806 aequaret
613 1691 741 1770 lucem
779 1687 914 1798 globi,
960 1696 1066 1786 cujus
1100 1681 1289 1770 diameter
1323 1683 1412 1775 ellet
1456 1690 1561 1796 3⁰''³

126 1815 199 1890 etit
231 1803 405 1894 distantia-
433 1831 597 1901 cometae
618 1803 666 1888 ad
691 1803 906 1888 distantiam
938 1803 1074 1886 saturni
1108 1831 1149 1888 ut
1192 1834 1206 1890 1
1244 1802 1293 1888 ad
1330 1817 1362 1890 ts
1378 1839 1405 1902 4
1438 1820 1562 1894 inver.

127 1925 454 2021 se‚&12'lad
488 1921 761 2034 30¹1diretie,
794 1919 945 2021 idest,
992 1951 1034 2007 ur
1056 1955 1110 2017 24
1138 1919 1188 2008 ad
1221 1953 1268 2027 30
1303 1921 1362 2010 scu
1393 1958 1420 2022 4
1448 1927 1498 2012 ad
1527 1959 1565 2036 5.

126 2044 267 2128 Rursus
297 2071 452 2131 cometa
476 2056 566 2144 anni
603 2059 704 2145 1665
738 2043 866 2124 mense
897 2047 1022 2154 aprili,
1058 2068 1099 2127 ut
1121 2048 1253 2128 auctor
1287 2051 1339 2128 est
1367 2047 1567 2148 Heeeliur,

126 2167 299 2246 claritate
331 2165 391 2250 sui
423 2195 521 2276 pene
548 2167 639 2246 lixas
669 2189 804 2242 omnes
846 2159 1069 2271 superabat,
1115 2169 1325 2273 quinetiam
1358 2168 1476 2277 ipsum
1511 2169 1569 2252 sa.

126 2303 284 2366 turnum
311 2294 460 2368 ratione
489 2287 629 2366 coloris
660 2277 844 2362 videlicet
870 2281 983 2392 longe
1008 2278 1217 2366 vividioris.
1282 2289 1439 2394 Quippe
1468 2293 1564 2371 luci.
1613 2377 1617 2382 ¹

125 2397 213 2482 dior
246 2427 325 2484 erat
359 2403 423 2486 hic
446 2427 601 2485 cometa
634 2401 756 2482 altero
783 2403 878 2494 illo,
918 2409 986 2510 qui
1017 2409 1055 2482 in
1086 2405 1163 2483 fine
1190 2412 1281 2486 anni
1314 2403 1564 2513 praecedentis

124 2545 373 2630 apparuerat,
404 2535 445 2606 dc
466 2551 559 2605 cum
577 2521 686 2606 llellis
715 2526 844 2630 primae
869 2515 1144 2630 magnitudinis
1171 2521 1452 2627 conserebatur.
1485 2529 1565 2610 La-

124 2633 262 2721 titudo-
282 2645 451 2751 capillitii
483 2665 564 2724 erat
590 2639 694 2751 quast
724 2641 791 2735 6s,
821 2665 859 2723 at
884 2644 1041 2720 nucleus
1071 2669 1161 2722 cum
1190 2647 1350 2750 planetis
1377 2673 1454 2754 ope
1477 2645 1562 2728 tubi

123 2765 244 2869 optici
277 2765 436 2842 collatus
462 2767 572 2870 plane
604 2768 732 2841 minor
763 2781 845 2839 erat
870 2761 997 2868 Jove,
1040 2771 1080 2840 oc
1109 2787 1211 2841 nunc
1240 2769 1369 2842 minor
1396 2790 1561 2873 corpote

123 2875 358 2962 intermedio
387 2885 565 2973 Saturni,
596 2907 700 2960 rrunc
724 2876 791 2986 ipl'r
814 2879 967 2984 aeqrralis
985 2873 1239 2978 judicabatur.
1320 2882 1441 2961 Porro
1469 2909 1563 2963 cunt

122 2991 312 3078 diameter
343 3001 511 3109 capillitii
542 3021 785 3081 cometarum
806 3021 893 3074 raro
916 2993 1063 3102 superet
1098 2995 1135 3080 8²
1158 3001 1221 3076 vel
1253 2997 1340 3093 12¹,
1372 2993 1564 3097 diameter

122 3116 219 3198 verb
248 3121 409 3206 nuclei,
452 3113 513 3197 scu
546 3119 657 3198 stellae
693 3116 869 3196 centralis
900 3114 943 3193 fit
969 3113 1070 3220 quasi
1102 3107 1253 3196 decima
1282 3118 1344 3196 vel
1372 3115 1471 3200 forte
1494 3113 1563 3200 de-

122 3243 226 3316 cima
254 3245 389 3344 quinta
419 3263 502 3345 pars
531 3229 710 3318 diametri
740 3234 932 3340 capillitii,
966 3254 1073 3342 patet
1106 3237 1226 3316 llellas
1260 3232 1369 3316 hasce
1401 3259 1442 3318 ut
1469 3239 1558 3343 plu-

122 3353 265 3435 rimum
293 3351 457 3460 ejusdem
484 3348 556 3434 else
580 3358 792 3464 apparentis
819 3345 1091 3461 magnitudinis
1115 3381 1206 3434 curn
1237 3357 1408 3462 planctis.
1470 3355 1564 3440 Un-

121 3469 174 3554 de
203 3501 292 3554 cum
324 3479 389 3556 lux
415 3500 547 3554 earum
577 3501 667 3554 cum
703 3477 788 3554 luce
815 3474 964 3553 Saturni
991 3497 1070 3550 non
1106 3473 1386 3553 raro-conserti
1415 3475 1560 3584 poffit,

120 3619 289 3700 eamque
320 3587 527 3701 aliquando
557 3591 728 3700 superet,
763 3587 1004 3670 manifestum
1032 3589 1112 3688 est,
1155 3587 1262 3698 quod
1289 3615 1452 3676 cometa
1475 3621 1562 3676 om.

120 3739 189 3792 nes
225 3716 264 3790 in
304 3712 502 3820 periheliis
533 3715 594 3790 vel
624 3709 719 3793 infra
750 3714 954 3792 Saturnum
987 3705 1205 3790 collocandi
1240 3711 1340 3808 fint,
1386 3716 1447 3793 vel
1480 3741 1564 3795 non

119 3829 238 3941 longe
275 3831 393 3938 supra.
455 3833 592 3910 Errant
618 3837 732 3938 igitur
768 3853 856 3911 toto
882 3829 1013 3924 coero,
1055 3836 1121 3937 qui
1152 3855 1323 3913 cometas
1354 3837 1393 3912 in
1429 3840 1558 3944 regio-

120 3978 212 4032 nem
249 3949 411 4032 fixarnm
443 3975 562 4058 prope
592 3947 799 4058 ablegant:
842 3952 916 4057 quai
947 3971 1050 4028 certe
1074 3957 1225 4030 ratione
1254 3977 1333 4031 non
1363 3958 1482 4060 magis
1510 3955 1558 4034 il·
1681 3975 1686 3994 ·

119 4071 264 4149 lustrari
298 4063 484 4150 deberent
509 4063 529 4147 d
557 4069 644 4150 Sole
676 4075 834 4166 nostro,
876 4091 994 4177 quam
1025 4067 1215 4174 planetae,
1257 4076 1322 4178 qui
1352 4069 1415 4150 hic
1444 4067 1560 4167 sunt,

116 4189 345 4269 illustrantur
368 4189 390 4269 a
419 4188 529 4268 stellis
556 4185 651 4267 fixis.

180 4331 276 4412 Haec
313 4325 584 4440 disputavimus
621 4353 699 4409 non
730 4317 1009 4410 conliderando
1045 4323 1350 4408 obscurationem
1386 4349 1561 4408 cometa-

118 4477 205 4531 rum
235 4475 303 4559 per
329 4449 477 4530 sumum
508 4452 614 4529 illurn
638 4448 808 4531 maxime
833 4443 1031 4553 copiosum
1059 4457 1099 4526 tc
1128 4439 1300 4539 crassum,
1333 4475 1412 4554 quo
1440 4467 1559 4554 caput

119 4563 394 4663 circundatur,
439 4567 539 4676 quali
580 4595 646 4676 per
686 4568 831 4652 nubem
879 4563 1015 4645 obtuse
1058 4557 1203 4674 semper
1242 4569 1383 4652 lucens.
1446 4569 1555 4649 Nan

118 4711 265 4796 quaesto
298 4685 494 4768 obscurius
519 4681 691 4773 redditur
717 4711 856 4794 corpus
881 4711 948 4793 pet
984 4683 1088 4766 hunc
1116 4683 1266 4769 sumum
1279 4747 1294 4783 ,.
1333 4685 1440 4768 canto
1463 4713 1551 4795 pro·

783 4809 974 4888 Eece
1038 4831 1058 4909 ς
1467 4809 1553 4914 pius
