4558 5676
513 448 852 528 l’rrrucrrra
915 443 1383 528 Marxrnrarrcx.
1583 464 1660 551 653

239 601 278 678 in
311 593 426 674 solem
454 615 531 668 non
562 593 680 696 magis
706 585 847 667 efficiet
876 609 917 665 ut
945 579 1074 664 caudae
1104 585 1229 690 pollea
1268 578 1451 664 decidant
1481 585 1503 664 *a
1535 593 1667 695 capiri·
1714 595 1841 688 trun

240 713 310 793 bus
334 713 450 793 solem
478 703 623 798 versus,
657 733 772 814 quarn
797 711 961 814 gravitas
988 710 1157 810 capitum
1184 701 1335 784 efficere
1363 703 1486 808 polsrt,
1520 730 1560 785 ur
1586 706 1666 784 lucc
1694 679 1842 812 Tim·

240 826 420 910 decidant
445 828 466 906 a
493 819 632 905 caudis.
702 824 914 912 Communi
937 827 1124 930 gravitate
1161 824 1221 916 vel
1251 819 1358 900 srmul
1393 828 1431 900 in
1461 821 1578 904 solenr
1607 851 1666 902 ca·
1692 826 1788 884 xrr.

242 945 360 1042 dent,
394 948 452 1024 vel
479 944 584 1022 srmul
621 950 661 1022 in
693 940 837 1021 ascensu
864 940 927 1019 suo
958 935 1272 1023 retardabuntur3
1318 932 1484 1046 ideoque
1504 949 1665 1050 gravitas
1691 906 1841 1042 {ffb

220 1071 304 1168 ,illa
331 1093 408 1144 non
434 1063 612 1168 impedit,
645 1059 725 1168 quir
757 1061 882 1140 rninirs
913 1053 1043 1136 caudae
1069 1069 1108 1137 δι
1134 1065 1258 1164 capita
1282 1056 1510 1168 posrtionena
1536 1087 1670 1169 quarn.

242 1211 395 1290 cunque
433 1175 482 1259 ad
512 1186 679 1259 invicem
706 1182 726 1258 a
751 1178 867 1258 caulis
895 1173 972 1276 jana
999 1167 1218 1284 descriptis,
1258 1179 1420 1256 autaliis
1443 1177 1670 1286 quibuscun-

243 1332 321 1414 que
342 1296 523 1380 sacillirnd
551 1305 741 1406 accipiant
770 1308 810 1378 δι
836 1297 964 1403 postea
989 1292 1181 1389 liberrimd
1208 1290 1367 1377 servent.
1593 1296 1596 1306 ⁴

210 1457 212 1467 ·
273 1413 447 1502 ¹Candor
490 1424 633 1524 igitur,
673 1443 757 1522 quae
789 1422 827 1494 in
861 1425 1100 1492 cometarum
1127 1411 1316 1519 periheliis
1357 1409 1588 1510 nascuntur,
1632 1417 1673 1497 in

225 1544 419 1648 vregiones
449 1536 677 1642 longinquas
705 1559 794 1612 curn
830 1559 964 1612 eorum
994 1527 1179 1638 capitibus
1207 1528 1396 1626 abibunt,
1427 1541 1468 1614 δι
1495 1534 1556 1612 vel
1580 1529 1674 1615 ind&

244 1658 327 1766 post
356 1659 509 1761 longam
538 1679 726 1732 annorum
752 1648 884 1730 seriem
918 1675 1008 1730 curn
1034 1643 1165 1729 iisdem
1197 1643 1245 1727 ad
1278 1677 1349 1729 nos
1373 1641 1577 1744 redibunt,
1611 1653 1672 1732 vel

245 1780 372 1883 potius
401 1771 453 1852 ibi
492 1769 681 1852 raresaslae
710 1771 892 1876 paulatim
924 1766 1161 1848 evanescent.
1236 1769 1343 1850 Nam
1373 1769 1499 1874 postea
1523 1779 1562 1850 in
1589 1765 1673 1876 des-

247 1887 357 1971 censu
390 1895 557 1996 capitum
588 1883 636 1968 ad
669 1884 784 1966 solem
815 1881 946 1982 caudae
971 1913 1081 1966 novae
1116 1882 1358 1968 breviusculae
1380 1891 1487 1970 lento
1517 1891 1675 1970 morua

247 2009 434 2116 capitibus
465 2011 661 2116 propagari
690 2000 917 2099 debebunt,
961 2015 1002 2086 &
1033 1997 1190 2084 subinde
1220 2009 1260 2084 in
1294 2005 1481 2114 periheliis
1504 2030 1676 2088 cometa·

248 2153 336 2207 rum
367 2129 547 2220 illorum,
592 2130 657 2232 qui
687 2117 737 2203 ad
770 2121 884 2230 usque
912 2122 1203 2230 atmosphaeram
1234 2120 1318 2203 solis
1345 2118 1603 2222 descendent,
1635 2133 1677 2210 in

247 2241 477 2326 immensum
502 2249 642 2351 augeri.
705 2245 836 2348 Vapor
866 2249 1037 2322 enimin
1066 2238 1191 2348 spatiis
1212 2241 1283 2320 illis
1311 2239 1513 2323 liberrimis
1544 2271 1679 2353 perpe·

249 2359 319 2444 tud
351 2358 499 2442 rarescit
527 2389 572 2440 ac
603 2354 793 2440 dilatatur.
870 2363 961 2465 Qui
985 2366 1132 2440 ratione
1160 2360 1205 2438 fir
1244 2381 1286 2438 ut
1312 2353 1434 2438 cauda
1467 2368 1595 2442 onrnis
1624 2357 1675 2444 ad

249 2489 531 2562 extremitatem
570 2474 800 2586 superiorem
837 2483 949 2559 latior
977 2479 1021 2559 srt
1062 2505 1175 2586 quarn
1210 2481 1314 2578 juxta
1343 2501 1458 2584 caput
1502 2503 1680 2565 cometae.

249 2600 303 2682 Ei
332 2623 460 2681 autem
486 2593 735 2678 rarefaetione
760 2622 941 2705 vaporem
968 2597 1154 2704 perpetuo
1187 2589 1384 2675 dilatatum
1412 2591 1573 2678 diffirndi
1596 2621 1680 2680 tan.

251 2713 342 2800 dem
368 2714 551 2822 &spargi
580 2743 645 2823 per
673 2714 1039 2808 coelos'universos,
1069 2708 1210 2793 deinde
1237 2716 1417 2820 paulatim
1446 2723 1484 2795 in
1513 2720 1683 2825 planetas

250 2863 317 2944 per
347 2841 570 2942 gravitatem
603 2831 703 2912 suurn
736 2835 896 2926 attralrl,
925 2843 964 2914 δι
989 2857 1077 2911 cum
1105 2859 1240 2910 eorum
1268 2831 1523 2949 atmosplraeris
1545 2835 1677 2918 misce.

251 2961 283 3032 ri
317 2959 454 3034 rationi
490 2949 786 3030 consentaneum
813 2947 973 3031 videtur.
1048 2951 1152 3032 Nam
1192 2943 1524 3055 quemadmodum
1562 2962 1684 3036 maria

179 3111 195 3128 =
252 3066 301 3152 ad
326 3073 634 3150 constitutionem
668 3091 775 3150 terrae
800 3070 908 3172 hujus
936 3075 1098 3148 omnino
1124 3074 1398 3174 requiruntur,
1429 3065 1549 3178 idque
1568 3097 1611 3156 ut
1635 3101 1685 3155 ex

254 3197 299 3270 iis
323 3216 389 3296 per
410 3190 578 3267 calorem
605 3187 688 3266 solis
714 3215 874 3295 vapores
901 3187 1055 3296 copiose
1081 3185 1164 3266 saris
1189 3194 1429 3284 excitentur,
1463 3197 1527 3297 qui
1556 3193 1615 3271 vel
1643 3199 1684 3275 in

254 3307 374 3389 nubes
403 3309 523 3385 coasli
549 3299 734 3385 decidant
755 3313 793 3385 in
817 3309 977 3413 pluviis,
1023 3317 1065 3386 de
1090 3328 1230 3385 terram
1252 3331 1412 3384 ornnem
1436 3301 1485 3386 ad
1509 3335 1685 3416 procrea.

256 3433 404 3507 tionem
436 3423 703 3532 vegetabilium
737 3431 893 3532 irrigent
927 3435 967 3505 &
996 3437 1189 3506 nutriantt
1231 3424 1292 3502 vel
1326 3433 1363 3503 in
1394 3420 1538 3534 frigidis
1573 3455 1690 3510 mon.

253 3549 353 3626 tium
389 3545 591 3620 verticibus
614 3537 832 3632 condensati
867 3557 936 3644 (ut
963 3551 1033 3638 (g)
1059 3544 1175 3650 aliqui
1214 3567 1303 3622 curn
1341 3551 1489 3624 ratione
1522 3543 1689 3654 philoso,

255 3661 448 3772 plranrur)
484 3655 687 3741 decurrant
709 3665 747 3739 in
773 3657 898 3743 sontes
928 3674 966 3744 δι
990 3661 1176 3741 flumina:
1209 3660 1259 3741 fic
1279 3653 1327 3739 ad
1355 3661 1685 3747 conservationem

256 3787 419 3861 marium
454 3788 495 3857 dc
528 3779 736 3858 humorum
763 3787 800 3860 in
833 3783 990 3886 planetis
1019 3784 1158 3887 requiri
1200 3771 1377 3859 videntur
1408 3804 1597 3874 cornetae,
1637 3811 1688 3866 ex

256 3921 422 4010 quorum
463 3893 763 3978 exhalationibus
799 3909 838 3979 δι
878 3893 1084 4005 vaporibus
1122 3892 1386 3989 condensatis,
1428 3894 1612 4008 quicquid
1641 3903 1685 3982 li.

257 4023 387 4122 quoris
410 4039 476 4121 per
498 4023 783 4121 vegetationem
812 4029 853 4097 dc
877 4015 1195 4124 putresaslionem
1224 4013 1457 4096 consumitur
1483 4029 1523 4098 δι
1546 4023 1585 4097 in
1609 4043 1685 4100 ter.

257 4158 337 4212 tarn
359 4125 503 4211 aridam
528 4142 777 4230 convertitur,
809 4133 994 4214 continud
1025 4135 1182 4240 suppleri
1212 4145 1252 4214 cc
1280 4133 1383 4213 refici
1411 4134 1534 4240 polsrt.
1578 4137 1685 4220 Nam

258 4247 483 4370 vegetabilia
514 4258 647 4334 ornnia
679 4282 726 4335 ex
751 4252 962 4364 liquoribus
994 4257 1157 4335 omnino
1196 4249 1393 4354 crescunt,
1424 4246 1513 4336 dein
1543 4257 1685 4364 magnit

1640 4401 1689 4456 ex

295 4551 362 4628 (ἓ)
400 4551 951 4638 ’l‘Uralr'quicnmrarionepln'losoplran·
1002 4555 1144 4636 physcos.
1187 4553 1328 4632 legantnr
1347 4553 1475 4614 transcen
1493 4555 1634 4632 philosop.
1648 4579 1692 4620 aa.
1750 4577 1820 4633 syc

259 4641 313 4684 rur.
362 4629 508 4687 Horumce
552 4635 788 4712 philolophorum
824 4637 949 4692 rationes
1006 4636 1470 4708 1⁶87.1694.1729&m0num.
1494 4635 1695 4700 Acadlail.
1742 4703 1744 4710 ,

257 4703 354 4770 ridere
382 4705 421 4768 all
454 4703 546 4788 pallius
574 4713 648 4785 apud
672 4729 771 4776 omues
803 4710 950 4780 cultiores
1000 4729 1047 4774 an.
1069 4725 1151 4788 ¹7⁰3·
1268 4785 1405 4864 PM?
1442 4799 1462 4859 Ξ

1285 5005 1326 5085 Q
1386 5095 1403 5114 .-
